%% This BibTeX bibliography file was created using BibDesk.
%% http://bibdesk.sourceforge.net/


%% Created for Aaron Zimmerman at 2016-01-26 14:45:27 -0500 


%% Saved with string encoding Unicode (UTF-8)

@article{Casals:2004zq,
      author         = "Casals, Marc and Ottewill, Adrian C.",
      title          = "{High frequency asymptotics for the spin-weighted
                        spheroidal equation}",
      journal        = "Phys. Rev.",
      volume         = "D71",
      year           = "2005",
      pages          = "064025",
      doi            = "10.1103/PhysRevD.71.064025",
      eprint         = "gr-qc/0409012",
      archivePrefix  = "arXiv",
      primaryClass   = "gr-qc",
      SLACcitation   = "%%CITATION = GR-QC/0409012;%%"
}

@article{Casals:2016soq,
      author         = "Casals, Marc and Kavanagh, Chris and Ottewill, Adrian C.",
      title          = "{High-order late-time tail in a Kerr spacetime}",
      journal        = "Phys. Rev.",
      volume         = "D94",
      year           = "2016",
      number         = "12",
      pages          = "124053",
      doi            = "10.1103/PhysRevD.94.124053",
      eprint         = "1608.05392",
      archivePrefix  = "arXiv",
      primaryClass   = "gr-qc",
      SLACcitation   = "%%CITATION = ARXIV:1608.05392;%%"
}

@article{Nakamura:1987zz,
      author         = "Nakamura, T. and Oohara, K. and Kojima, Y.",
      title          = "{General Relativistic Collapse to Black Holes and
                        Gravitational Waves from Black Holes}",
      journal        = "Prog. Theor. Phys. Suppl.",
      volume         = "90",
      year           = "1987",
      pages          = "1-218",
      doi            = "10.1143/PTPS.90.1",
      SLACcitation   = "%%CITATION = PTPSA,90,1;%%"
}

@article{Harmark:2004rm,
      author         = "Harmark, Troels",
      title          = "{Stationary and axisymmetric solutions of
                        higher-dimensional general relativity}",
      journal        = "Phys. Rev.",
      volume         = "D70",
      year           = "2004",
      pages          = "124002",
      doi            = "10.1103/PhysRevD.70.124002",
      eprint         = "hep-th/0408141",
      archivePrefix  = "arXiv",
      primaryClass   = "hep-th",
      SLACcitation   = "%%CITATION = HEP-TH/0408141;%%"
}

@article{Kleihaus:2002ee,
      author         = "Kleihaus, Burkhard and Kunz, Jutta and Navarro-Lerida,
                        Francisco",
      title          = "{Rotating Einstein-Yang-Mills black holes}",
      journal        = "Phys. Rev.",
      volume         = "D66",
      year           = "2002",
      pages          = "104001",
      doi            = "10.1103/PhysRevD.66.104001",
      eprint         = "gr-qc/0207042",
      archivePrefix  = "arXiv",
      primaryClass   = "gr-qc",
      SLACcitation   = "%%CITATION = GR-QC/0207042;%%"
}

@article{Dain:2004nt,
      author         = "Dain, Sergio",
      title          = "{Elliptic systems}",
      booktitle      = "{Proceedings, 319th WE-Heraeus Seminar: Mathematical
                        Relativity: New Ideas and Developments: Bad Honnef,
                        Germany, March 1-5, 2004}",
      journal        = "Lect. Notes Phys.",
      volume         = "692",
      year           = "2006",
      pages          = "117-139",
      doi            = "10.1007/11550259_6, 10.1007/3-540-33484-X_6",
      eprint         = "gr-qc/0411081",
      archivePrefix  = "arXiv",
      primaryClass   = "gr-qc",
      SLACcitation   = "%%CITATION = GR-QC/0411081;%%"
}

@article{Dias:2015nua,
      author         = "Dias, Ã“scar J. C. and Santos, Jorge E. and Way, Benson",
      title          = "{Numerical Methods for Finding Stationary Gravitational
                        Solutions}",
      journal        = "Class. Quant. Grav.",
      volume         = "33",
      year           = "2016",
      number         = "13",
      pages          = "133001",
      doi            = "10.1088/0264-9381/33/13/133001",
      eprint         = "1510.02804",
      archivePrefix  = "arXiv",
      primaryClass   = "hep-th",
      SLACcitation   = "%%CITATION = ARXIV:1510.02804;%%"
}

@book{Stephani:2003tm,
      author         = "Stephani, Hans and Kramer, D. and MacCallum, Malcolm A.
                        H. and Hoenselaers, Cornelius and Herlt, Eduard",
      title          = "{Exact solutions of Einstein's field equations}",
      publisher      = "Cambridge University Press",
      year           = "2004",
      url            = "http://www.cambridge.org/uk/catalogue/catalogue.asp?isbn=0521461367",
      ISBN           = "9780521467025, 0521467020, 9780511059179, 9780521467025",
      SLACcitation   = "%%CITATION = INSPIRE-619666;%%"
}

@article{Casals:2015nja,
      author         = "Casals, Marc and Ottewill, Adrian C.",
      title          = "{High-order tail in Schwarzschild spacetime}",
      journal        = "Phys. Rev.",
      volume         = "D92",
      year           = "2015",
      number         = "12",
      pages          = "124055",
      doi            = "10.1103/PhysRevD.92.124055",
      eprint         = "1509.04702",
      archivePrefix  = "arXiv",
      primaryClass   = "gr-qc",
      SLACcitation   = "%%CITATION = ARXIV:1509.04702;%%"
}

@article{PhysRevD.82.084010,
  title = {Gravitational perturbations and metric reconstruction: Method of extended homogeneous solutions applied to eccentric orbits on a Schwarzschild black hole},
  author = {Hopper, Seth and Evans, Charles R.},
  journal = {Phys. Rev. D},
  volume = {82},
  issue = {8},
  pages = {084010},
  numpages = {21},
  year = {2010},
  month = {Oct},
  publisher = {American Physical Society},
  doi = {10.1103/PhysRevD.82.084010},
  url = {https://link.aps.org/doi/10.1103/PhysRevD.82.084010}
}


@article{Martel:2005ir,
      author         = "Martel, Karl and Poisson, Eric",
      title          = "{Gravitational perturbations of the Schwarzschild
                        spacetime: A Practical covariant and gauge-invariant
                        formalism}",
      journal        = "Phys. Rev.",
      volume         = "D71",
      year           = "2005",
      pages          = "104003",
      doi            = "10.1103/PhysRevD.71.104003",
      eprint         = "gr-qc/0502028",
      archivePrefix  = "arXiv",
      primaryClass   = "gr-qc",
      SLACcitation   = "%%CITATION = GR-QC/0502028;%%"
}

@Article{Sasaki2003,
author="Sasaki, Misao
and Tagoshi, Hideyuki",
title="Analytic Black Hole Perturbation Approach to Gravitational Radiation",
journal="Living Reviews in Relativity",
year="2003",
month="Nov",
day="21",
volume="6",
number="1",
pages="6",
abstract="We review the analytic methods used to perform the post-Newtonian expansion of gravitational waves induced by a particle orbiting a massive, compact body, based on black hole perturbation theory. There exist two different methods of performing the post-Newtonian expansion. Both are based on the Teukolsky equation. In one method, the Teukolsky equation is transformed into a Regge-Wheeler type equation that reduces to the standard Klein Gordon equation in the flat-space limit, while in the other method (which was introduced by Mano, Suzuki, and Takasugi relatively recently, the Teukolsky equation is used directly in its original form. The former's advantage is that it is intuitively easy to understand how various curved space effects come into play. However, it becomes increasingly complicated when one goes to higher and higher post-Newtonian orders. In contrast, the latter's advantage is that a systematic calculation to higher post-Newtonian orders can be implemented relatively easily, but otherwise, it is so mathematical that it is hard to understand the interplay of higher order terms. In this paper, we review both methods so that their pros and cons may be seen clearly. We also review some results of calculations of gravitational radiation emitted by a particle orbiting a black hole.",
issn="1433-8351",
doi="10.12942/lrr-2003-6",
url="https://doi.org/10.12942/lrr-2003-6"
}

@book{bender1978advanced,
  title={Advanced mathematical methods for scientists and engineers},
  author={Bender, C.M. and Orszag, S.A.},
  isbn={9780070044524},
  lccn={77029168},
  series={International series in pure and applied mathematics},
  url={https://books.google.com/books?id=OAdRAAAAMAAJ},
  year={1978},
  publisher={McGraw-Hill}
}

@article{Cook:2016ngj,
      author         = "Cook, Gregory B. and Zalutskiy, Maxim",
      title          = "{Modes of the Kerr geometry with purely imaginary
                        frequencies}",
      journal        = "Phys. Rev.",
      volume         = "D94",
      year           = "2016",
      number         = "10",
      pages          = "104074",
      doi            = "10.1103/PhysRevD.94.104074",
      eprint         = "1607.07406",
      archivePrefix  = "arXiv",
      primaryClass   = "gr-qc",
      SLACcitation   = "%%CITATION = ARXIV:1607.07406;%%"
}

@article{Casals:2015oaa,
      author         = "Casals, Marc and Nolan, Brien C.",
      title          = "{Geometric properties of a 2D spacetime arising in 4D
                        black hole physics}",
      journal        = "Phys. Rev.",
      volume         = "D92",
      year           = "2015",
      number         = "10",
      pages          = "104030",
      doi            = "10.1103/PhysRevD.92.104030",
      eprint         = "1509.03911",
      archivePrefix  = "arXiv",
      primaryClass   = "gr-qc",
      SLACcitation   = "%%CITATION = ARXIV:1509.03911;%%"
}

@article{Yunes:2016jcc,
      author         = "Yunes, Nicolas and Yagi, Kent and Pretorius, Frans",
      title          = "{Theoretical Physics Implications of the Binary
                        Black-Hole Mergers GW150914 and GW151226}",
      journal        = "Phys. Rev.",
      volume         = "D94",
      year           = "2016",
      number         = "8",
      pages          = "084002",
      doi            = "10.1103/PhysRevD.94.084002",
      eprint         = "1603.08955",
      archivePrefix  = "arXiv",
      primaryClass   = "gr-qc",
      SLACcitation   = "%%CITATION = ARXIV:1603.08955;%%"
}

@article{Holdom:2016nek,
      author         = "Holdom, Bob and Ren, Jing",
      title          = "{Not quite a black hole}",
      journal        = "Phys. Rev.",
      volume         = "D95",
      year           = "2017",
      number         = "8",
      pages          = "084034",
      doi            = "10.1103/PhysRevD.95.084034",
      eprint         = "1612.04889",
      archivePrefix  = "arXiv",
      primaryClass   = "gr-qc",
      SLACcitation   = "%%CITATION = ARXIV:1612.04889;%%"
}

@phdthesis{Caponthesis,
  author       = {Rachel Capon}, 
  title        = {Radiation Reaction Near Black Holes},
  school       = {University of Wales},
  year         = 1998,
  month        = September,
 
}

@article{Andersson:1996cm,
      author         = "Andersson, Nils",
      title          = "{Evolving test fields in a black hole geometry}",
      journal        = "Phys. Rev.",
      volume         = "D55",
      year           = "1997",
      pages          = "468-479",
      doi            = "10.1103/PhysRevD.55.468",
      eprint         = "gr-qc/9607064",
      archivePrefix  = "arXiv",
      primaryClass   = "gr-qc",
      reportNumber   = "WUGRAV-96-6, PREPRINT-NO-WUGRAV-96-6",
      SLACcitation   = "%%CITATION = GR-QC/9607064;%%"
}

@article{Falcke:1999pj,
      author         = "Falcke, Heino and Melia, Fulvio and Agol, Eric",
      title          = "{Viewing the shadow of the black hole at the galactic
                        center}",
      journal        = "Astrophys. J.",
      volume         = "528",
      year           = "2000",
      pages          = "L13",
      doi            = "10.1086/312423",
      eprint         = "astro-ph/9912263",
      archivePrefix  = "arXiv",
      primaryClass   = "astro-ph",
      reportNumber   = "HFA-EPRINT-NO-33",
      SLACcitation   = "%%CITATION = ASTRO-PH/9912263;%%"
}

@article{Johnson:2015iwg,
      author         = "Johnson, Michael D. and others",
      title          = "{Resolved Magnetic-Field Structure and Variability Near
                        the Event Horizon of Sagittarius A*}",
      journal        = "Science",
      volume         = "350",
      year           = "2015",
      number         = "6265",
      pages          = "1242-1245",
      doi            = "10.1126/science.aac7087",
      eprint         = "1512.01220",
      archivePrefix  = "arXiv",
      primaryClass   = "astro-ph.HE",
      SLACcitation   = "%%CITATION = ARXIV:1512.01220;%%"
}

@article{TheLIGOScientific:2016pea,
      author         = "Abbott, B. P. and others",
      title          = "{Binary Black Hole Mergers in the first Advanced LIGO
                        Observing Run}",
      collaboration  = "Virgo, LIGO Scientific",
      journal        = "Phys. Rev.",
      volume         = "X6",
      year           = "2016",
      number         = "4",
      pages          = "041015",
      doi            = "10.1103/PhysRevX.6.041015",
      eprint         = "1606.04856",
      archivePrefix  = "arXiv",
      primaryClass   = "gr-qc",
      reportNumber   = "LIGO-P1600088",
      SLACcitation   = "%%CITATION = ARXIV:1606.04856;%%"
}


@article{Abbott:2016blz,
	Archiveprefix = {arXiv},
	Author = {Abbott, B. P. and others},
	Collaboration = {Virgo, LIGO Scientific},
	Date-Added = {2016-04-11 20:22:55 +0000},
	Date-Modified = {2016-04-11 20:22:55 +0000},
	Doi = {10.1103/PhysRevLett.116.061102},
	Eprint = {1602.03837},
	Journal = {Phys. Rev. Lett.},
	Number = {6},
	Pages = {061102},
	Primaryclass = {gr-qc},
	Reportnumber = {LIGO-P150914},
	Slaccitation = {%%CITATION = ARXIV:1602.03837;%%},
	Title = {{Observation of Gravitational Waves from a Binary Black Hole Merger}},
	Volume = {116},
	Year = {2016},
	Bdsk-Url-1 = {http://dx.doi.org/10.1103/PhysRevLett.116.061102}}


@article{Abbott:2016nmj,
	Archiveprefix = {arXiv},
	Author = {Abbott, B. P. and others},
	Collaboration = {Virgo, LIGO Scientific},
	Date-Added = {2016-06-19 15:23:38 +0000},
	Date-Modified = {2016-06-19 15:48:38 +0000},
	Doi = {10.1103/PhysRevLett.116.241103},
	Eprint = {1606.04855},
	Journal = {Phys. Rev. Lett.},
	Number = {24},
	Pages = {241103},
	Primaryclass = {gr-qc},
	Reportnumber = {LIGO-P151226},
	Slaccitation = {%%CITATION = ARXIV:1606.04855;%%},
	Title = {{GW151226: Observation of Gravitational Waves from a 22-Solar-Mass Binary Black Hole Coalescence}},
	Volume = {116},
	Year = {2016},
	Bdsk-Url-1 = {http://dx.doi.org/10.1103/PhysRevLett.116.241103}}

@article{Poisson:2011nh,
      author         = "Poisson, Eric and Pound, Adam and Vega, Ian",
      title          = "{The Motion of point particles in curved spacetime}",
      journal        = "Living Rev. Rel.",
      volume         = "14",
      year           = "2011",
      pages          = "7",
      doi            = "10.12942/lrr-2011-7",
      eprint         = "1102.0529",
      archivePrefix  = "arXiv",
      primaryClass   = "gr-qc",
      SLACcitation   = "%%CITATION = ARXIV:1102.0529;%%"
}

@article{Mino:2008at,
      author         = "Mino, Yasushi and Brink, Jeandrew",
      title          = "{Gravitational Radiation from Plunging Orbits:
                        Perturbative Study}",
      journal        = "Phys. Rev.",
      volume         = "D78",
      year           = "2008",
      pages          = "124015",
      doi            = "10.1103/PhysRevD.78.124015",
      eprint         = "0809.2814",
      archivePrefix  = "arXiv",
      primaryClass   = "gr-qc",
      SLACcitation   = "%%CITATION = ARXIV:0809.2814;%%"
}

@article{Zimmerman:2011dx,
      author         = "Zimmerman, Aaron and Chen, Yanbei",
      title          = "{New Generic Ringdown Frequencies at the Birth of a Kerr
                        Black Hole}",
      journal        = "Phys. Rev.",
      volume         = "D84",
      year           = "2011",
      pages          = "084012",
      doi            = "10.1103/PhysRevD.84.084012",
      eprint         = "1106.0782",
      archivePrefix  = "arXiv",
      primaryClass   = "gr-qc",
      SLACcitation   = "%%CITATION = ARXIV:1106.0782;%%"
}

@article{TheLIGOScientific:2016src,
      author         = "Abbott, B. P. and others",
      title          = "{Tests of general relativity with GW150914}",
      collaboration  = "Virgo, LIGO Scientific",
      journal        = "Phys. Rev. Lett.",
      volume         = "116",
      year           = "2016",
      number         = "22",
      pages          = "221101",
      doi            = "10.1103/PhysRevLett.116.221101",
      eprint         = "1602.03841",
      archivePrefix  = "arXiv",
      primaryClass   = "gr-qc",
      reportNumber   = "LIGO-P1500213",
      SLACcitation   = "%%CITATION = ARXIV:1602.03841;%%"
}


@book{Frolov:1998wf,
      editor         = "Frolov, V. P. and Novikov, I. D.",
      title          = "{Black hole physics: Basic concepts and new
                        developments}",
      journal        = "Dordrecht, Netherlands: Kluwer Academic (1998) 770 p",
      year           = "1998",
      SLACcitation   = "%%CITATION = INSPIRE-486267;%%"
}

@article{McKechan:2010kp,
      author         = "McKechan, D. J. A. and Robinson, C. and Sathyaprakash, B.
                        S.",
      title          = "{A tapering window for time-domain templates and
                        simulated signals in the detection of gravitational waves
                        from coalescing compact binaries}",
      booktitle      = "{Gravitational waves. Proceedings, 8th Edoardo Amaldi
                        Conference, Amaldi 8, New York, USA, June 22-26, 2009}",
      journal        = "Class. Quant. Grav.",
      volume         = "27",
      year           = "2010",
      pages          = "084020",
      doi            = "10.1088/0264-9381/27/8/084020",
      eprint         = "1003.2939",
      archivePrefix  = "arXiv",
      primaryClass   = "gr-qc",
      reportNumber   = "LIGO-P0900118-V4",
      SLACcitation   = "%%CITATION = ARXIV:1003.2939;%%"
}

@article{Berti:2009kk,
      author         = "Berti, Emanuele and Cardoso, Vitor and Starinets, Andrei
                        O.",
      title          = "{Quasinormal modes of black holes and black branes}",
      journal        = "Class. Quant. Grav.",
      volume         = "26",
      year           = "2009",
      pages          = "163001",
      doi            = "10.1088/0264-9381/26/16/163001",
      eprint         = "0905.2975",
      archivePrefix  = "arXiv",
      primaryClass   = "gr-qc",
      SLACcitation   = "%%CITATION = ARXIV:0905.2975;%%"
}

@phdthesis{Caponthesis,
  author       = {Rachel Capon}, 
  title        = {Radiation Reaction Near Black Holes},
  school       = {University of Wales},
  year         = 1998,
  month        = September,
 
}

@article{Lousto:1997wf,
      author         = "Lousto, Carlos O. and Price, Richard H.",
      title          = "{Understanding initial data for black hole collisions}",
      journal        = "Phys. Rev.",
      volume         = "D56",
      year           = "1997",
      pages          = "6439-6457",
      doi            = "10.1103/PhysRevD.56.6439",
      eprint         = "gr-qc/9705071",
      archivePrefix  = "arXiv",
      primaryClass   = "gr-qc",
      SLACcitation   = "%%CITATION = GR-QC/9705071;%%"
}


@article{Pani:2010em,
      author         = "Pani, Paolo and Berti, Emanuele and Cardoso, Vitor and
                        Chen, Yanbei and Norte, Richard",
      title          = "{Gravitational-wave signatures of the absence of an event
                        horizon. II. Extreme mass ratio inspirals in the spacetime
                        of a thin-shell gravastar}",
      journal        = "Phys. Rev.",
      volume         = "D81",
      year           = "2010",
      pages          = "084011",
      doi            = "10.1103/PhysRevD.81.084011",
      eprint         = "1001.3031",
      archivePrefix  = "arXiv",
      primaryClass   = "gr-qc",
      SLACcitation   = "%%CITATION = ARXIV:1001.3031;%%"
}

Hep :: HepNames :: Institutions :: Conferences :: Jobs :: Experiments :: Journals :: Help
@article{Pani:2009ss,
      author         = "Pani, Paolo and Berti, Emanuele and Cardoso, Vitor and
                        Chen, Yanbei and Norte, Richard",
      title          = "{Gravitational wave signatures of the absence of an event
                        horizon. I. Nonradial oscillations of a thin-shell
                        gravastar}",
      journal        = "Phys. Rev.",
      volume         = "D80",
      year           = "2009",
      pages          = "124047",
      doi            = "10.1103/PhysRevD.80.124047",
      eprint         = "0909.0287",
      archivePrefix  = "arXiv",
      primaryClass   = "gr-qc",
      SLACcitation   = "%%CITATION = ARXIV:0909.0287;%%"
}

@article{Volkel:2017kfj,
      author         = "VÃ¶lkel, Sebastian H. and Kokkotas, Kostas D.",
      title          = "{Ultra Compact Stars: Reconstructing the Perturbation
                        Potential}",
      year           = "2017",
      eprint         = "1704.07517",
      archivePrefix  = "arXiv",
      primaryClass   = "gr-qc",
      SLACcitation   = "%%CITATION = ARXIV:1704.07517;%%"
}

@article{Abedi:2017isz,
      author         = "Abedi, Jahed and Dykaar, Hannah and Afshordi, Niayesh",
      title          = "{Echoes from the Abyss: The Holiday Edition!}",
      year           = "2017",
      eprint         = "1701.03485",
      archivePrefix  = "arXiv",
      primaryClass   = "gr-qc",
      SLACcitation   = "%%CITATION = ARXIV:1701.03485;%%"
}

@article{Ryan:1995wh,
      author         = "Ryan, F. D.",
      title          = "{Gravitational waves from the inspiral of a compact
                        object into a massive, axisymmetric body with arbitrary
                        multipole moments}",
      journal        = "Phys. Rev.",
      volume         = "D52",
      year           = "1995",
      pages          = "5707-5718",
      doi            = "10.1103/PhysRevD.52.5707",
      SLACcitation   = "%%CITATION = PHRVA,D52,5707;%%"
}

@article{Abramowicz:2002vt,
      author         = "Abramowicz, Marek A. and Kluzniak, Wlodek and Lasota,
                        Jean-Pierre",
      title          = "{No observational proof of the black hole event-horizon}",
      journal        = "Astron. Astrophys.",
      volume         = "396",
      year           = "2002",
      pages          = "L31-L34",
      doi            = "10.1051/0004-6361:20021645",
      eprint         = "astro-ph/0207270",
      archivePrefix  = "arXiv",
      primaryClass   = "astro-ph",
      SLACcitation   = "%%CITATION = ASTRO-PH/0207270;%%"
}

Hep :: HepNames :: Institutions :: Conferences :: Jobs :: Experiments :: Journals :: Help
@article{Pani:2013pma,
      author         = "Pani, Paolo",
      title          = "{Advanced Methods in Black-Hole Perturbation Theory}",
      booktitle      = "{Proceedings, Spring School on Numerical Relativity and
                        High Energy Physics (NR/HEP2): Lisbon, Portugal, March
                        11-14, 2013}",
      journal        = "Int. J. Mod. Phys.",
      volume         = "A28",
      year           = "2013",
      pages          = "1340018",
      doi            = "10.1142/S0217751X13400186",
      eprint         = "1305.6759",
      archivePrefix  = "arXiv",
      primaryClass   = "gr-qc",
      SLACcitation   = "%%CITATION = ARXIV:1305.6759;%%"
}

@article{Berti:2016lat,
      author         = "Berti, Emanuele and Sesana, Alberto and Barausse, Enrico
                        and Cardoso, Vitor and Belczynski, Krzysztof",
      title          = "{Spectroscopy of Kerr black holes with Earth- and
                        space-based interferometers}",
      journal        = "Phys. Rev. Lett.",
      volume         = "117",
      year           = "2016",
      number         = "10",
      pages          = "101102",
      doi            = "10.1103/PhysRevLett.117.101102",
      eprint         = "1605.09286",
      archivePrefix  = "arXiv",
      primaryClass   = "gr-qc",
      SLACcitation   = "%%CITATION = ARXIV:1605.09286;%%"
}

@article{Yang:2017zxs,
      author         = "Yang, Huan and Yagi, Kent and Blackman, Jonathan and
                        Lehner, Luis and Paschalidis, Vasileios and Pretorius,
                        Frans and Yunes, Nicolas",
      title          = "{Black hole spectroscopy with coherent mode stacking}",
      journal        = "Phys. Rev. Lett.",
      volume         = "118",
      year           = "2017",
      number         = "16",
      pages          = "161101",
      doi            = "10.1103/PhysRevLett.118.161101",
      eprint         = "1701.05808",
      archivePrefix  = "arXiv",
      primaryClass   = "gr-qc",
      SLACcitation   = "%%CITATION = ARXIV:1701.05808;%%"
}

@article{Schunck:2003kk,
      author         = "Schunck, F. E. and Mielke, E. W.",
      title          = "{General relativistic boson stars}",
      journal        = "Class. Quant. Grav.",
      volume         = "20",
      year           = "2003",
      pages          = "R301-R356",
      doi            = "10.1088/0264-9381/20/20/201",
      eprint         = "0801.0307",
      archivePrefix  = "arXiv",
      primaryClass   = "astro-ph",
      SLACcitation   = "%%CITATION = ARXIV:0801.0307;%%"
}

@article{Mazur:2001fv,
      author         = "Mazur, Pawel O. and Mottola, Emil",
      title          = "{Gravitational condensate stars: An alternative to black
                        holes}",
      year           = "2001",
      eprint         = "gr-qc/0109035",
      archivePrefix  = "arXiv",
      primaryClass   = "gr-qc",
      reportNumber   = "LA-UR-01-5067",
      SLACcitation   = "%%CITATION = GR-QC/0109035;%%"
}

Hep :: HepNames :: Institutions :: Conferences :: Jobs :: Experiments :: Journals :: Help
@article{Barcelo:2010vc,
      author         = "Barcelo, C. and Garay, L. J. and Jannes, G.",
      title          = "{Quantum Non-Gravity and Stellar Collapse}",
      journal        = "Found. Phys.",
      volume         = "41",
      year           = "2011",
      pages          = "1532-1541",
      doi            = "10.1007/s10701-011-9577-9",
      eprint         = "1002.4651",
      archivePrefix  = "arXiv",
      primaryClass   = "gr-qc",
      SLACcitation   = "%%CITATION = ARXIV:1002.4651;%%"
}

@article{Barcelo:2014cla,
      author         = "Barcelo, Carlo and Carballo-Rubio, RaÃºl and Garay, Luis
                        J. and Jannes, Gil",
      title          = "{The lifetime problem of evaporating black holes: mutiny
                        or resignation}",
      journal        = "Class. Quant. Grav.",
      volume         = "32",
      year           = "2015",
      number         = "3",
      pages          = "035012",
      doi            = "10.1088/0264-9381/32/3/035012",
      eprint         = "1409.1501",
      archivePrefix  = "arXiv",
      primaryClass   = "gr-qc",
      SLACcitation   = "%%CITATION = ARXIV:1409.1501;%%"
}

@article{Cardoso:2017cfl,
      author         = "Cardoso, Vitor and Franzin, Edgardo and Maselli, Andrea
                        and Pani, Paolo and Raposo, Guilherme",
      title          = "{Testing strong-field gravity with tidal Love numbers}",
      journal        = "Phys. Rev.",
      volume         = "D95",
      year           = "2017",
      number         = "8",
      pages          = "084014",
      doi            = "10.1103/PhysRevD.95.084014",
      eprint         = "1701.01116",
      archivePrefix  = "arXiv",
      primaryClass   = "gr-qc",
      SLACcitation   = "%%CITATION = ARXIV:1701.01116;%%"
}

@article{Maselli:2017cmm,
      author         = "Maselli, Andrea and Pani, Paolo and Cardoso, Vitor and
                        Abdelsalhin, Tiziano and Gualtieri, Leonardo and Ferrari,
                        Valeria",
      title          = "{Probing Planckian corrections at the horizon scale with
                        LISA binaries}",
      year           = "2017",
      eprint         = "1703.10612",
      archivePrefix  = "arXiv",
      primaryClass   = "gr-qc",
      SLACcitation   = "%%CITATION = ARXIV:1703.10612;%%"
}

@article{Nandi:2016uzg,
      author         = "Nandi, Kamal K. and Izmailov, Ramil N. and Yanbekov,
                        Almir A. and Shayakhmetov, Azat A.",
      title          = "{Ring-down gravity waves: How far wormhole observables
                        can mimic those of a black hole?}",
      year           = "2016",
      eprint         = "1611.03479",
      archivePrefix  = "arXiv",
      primaryClass   = "gr-qc",
      SLACcitation   = "%%CITATION = ARXIV:1611.03479;%%"
}

@article{Yagi:2016jml,
      author         = "Yagi, Kent and Stein, Leo C.",
      title          = "{Black Hole Based Tests of General Relativity}",
      journal        = "Class. Quant. Grav.",
      volume         = "33",
      year           = "2016",
      number         = "5",
      pages          = "054001",
      doi            = "10.1088/0264-9381/33/5/054001",
      eprint         = "1602.02413",
      archivePrefix  = "arXiv",
      primaryClass   = "gr-qc",
      SLACcitation   = "%%CITATION = ARXIV:1602.02413;%%"
}

@article{Barcelo:2017lnx,
      author         = "BarcelÃ³, Carlos and Carballo-Rubio, RaÃºl and Garay,
                        Luis J.",
      title          = "{Gravitational echoes from macroscopic quantum gravity
                        effects}",
      year           = "2017",
      eprint         = "1701.09156",
      archivePrefix  = "arXiv",
      primaryClass   = "gr-qc",
      SLACcitation   = "%%CITATION = ARXIV:1701.09156;%%"
}

@article{Thorne:1972ji,
      author         = "Thorne, K. S.",
      title          = "{NONSPHERICAL GRAVITATIONAL COLLAPSE: A SHORT REVIEW}",
      year           = "1972",
      SLACcitation   = "%%CITATION = INSPIRE-74086;%%"
}

@article{Konoplya:2016hmd,
      author         = "Konoplya, R. A. and Zhidenko, A.",
      title          = "{Wormholes versus black holes: quasinormal ringing at
                        early and late times}",
      journal        = "JCAP",
      volume         = "1612",
      year           = "2016",
      number         = "12",
      pages          = "043",
      doi            = "10.1088/1475-7516/2016/12/043",
      eprint         = "1606.00517",
      archivePrefix  = "arXiv",
      primaryClass   = "gr-qc",
      SLACcitation   = "%%CITATION = ARXIV:1606.00517;%%"
}

@article{Maggio:2017ivp,
      author         = "Maggio, Elisa and Pani, Paolo and Ferrari, Valeria",
      title          = "{Exotic Compact Objects and How to Quench their
                        Ergoregion Instability}",
      year           = "2017",
      eprint         = "1703.03696",
      archivePrefix  = "arXiv",
      primaryClass   = "gr-qc",
      SLACcitation   = "%%CITATION = ARXIV:1703.03696;%%"
}

@article{Hod:2017cga,
      author         = "Hod, Shahar",
      title          = "{Onset of superradiant instabilities in rotating
                        spacetimes of exotic compact objects}",
      year           = "2017",
      eprint         = "1704.05856",
      archivePrefix  = "arXiv",
      primaryClass   = "hep-th",
      SLACcitation   = "%%CITATION = ARXIV:1704.05856;%%"
}

@article{Ching:1995rt,
      author         = "Ching, E. S. C. and Leung, P. T. and Suen, W. M. and
                        Young, K.",
      title          = "{Wave propagation in gravitational systems: Completeness
                        of quasinormal modes}",
      journal        = "Phys. Rev.",
      volume         = "D54",
      year           = "1996",
      pages          = "3778-3791",
      doi            = "10.1103/PhysRevD.54.3778",
      eprint         = "gr-qc/9507034",
      archivePrefix  = "arXiv",
      primaryClass   = "gr-qc",
      reportNumber   = "WUGRAV-94-15",
      SLACcitation   = "%%CITATION = GR-QC/9507034;%%"
}

@article{Hadar:2009ip,
      author         = "Hadar, Shahar and Kol, Barak",
      title          = "{Post-ISCO Ringdown Amplitudes in Extreme Mass Ratio
                        Inspiral}",
      journal        = "Phys. Rev.",
      volume         = "D84",
      year           = "2011",
      pages          = "044019",
      doi            = "10.1103/PhysRevD.84.044019",
      eprint         = "0911.3899",
      archivePrefix  = "arXiv",
      primaryClass   = "gr-qc",
      SLACcitation   = "%%CITATION = ARXIV:0911.3899;%%"
}

@article{Nollert:1998ys,
      author         = "Nollert, Hans-Peter and Price, Richard H.",
      title          = "{Quantifying excitations of quasinormal mode systems}",
      journal        = "J. Math. Phys.",
      volume         = "40",
      year           = "1999",
      pages          = "980-1010",
      doi            = "10.1063/1.532698",
      eprint         = "gr-qc/9810074",
      archivePrefix  = "arXiv",
      primaryClass   = "gr-qc",
      SLACcitation   = "%%CITATION = GR-QC/9810074;%%"
}

@article{Price:2017cjr,
      author         = "Price, Richard H. and Khanna, Gaurav",
      title          = "{Gravitational wave sources: reflections and echoes}",
      year           = "2017",
      eprint         = "1702.04833",
      archivePrefix  = "arXiv",
      primaryClass   = "gr-qc",
      SLACcitation   = "%%CITATION = ARXIV:1702.04833;%%"
}

@article{Ashton:2016xff,
      author         = "Ashton, Gregory and Birnholtz, Ofek and Cabero, Miriam
                        and Capano, Collin and Dent, Thomas and Krishnan, Badri
                        and Meadors, Grant David and Nielsen, Alex B. and Nitz,
                        Alex and Westerweck, Julian",
      title          = "{Comments on: "Echoes from the abyss: Evidence for
                        Planck-scale structure at black hole horizons"}",
      year           = "2016",
      eprint         = "1612.05625",
      archivePrefix  = "arXiv",
      primaryClass   = "gr-qc",
      SLACcitation   = "%%CITATION = ARXIV:1612.05625;%%"
}

@article{Abedi:2016hgu,
      author         = "Abedi, Jahed and Dykaar, Hannah and Afshordi, Niayesh",
      title          = "{Echoes from the Abyss: Evidence for Planck-scale
                        structure at black hole horizons}",
      year           = "2016",
      eprint         = "1612.00266",
      archivePrefix  = "arXiv",
      primaryClass   = "gr-qc",
      SLACcitation   = "%%CITATION = ARXIV:1612.00266;%%"
}

@article{Nakano:2017fvh,
      author         = "Nakano, Hiroyuki and Sago, Norichika and Tagoshi,
                        Hideyuki and Tanaka, Takahiro",
      title          = "{Black hole ringdown echoes and howls}",
      year           = "2017",
      eprint         = "1704.07175",
      archivePrefix  = "arXiv",
      primaryClass   = "gr-qc",
      SLACcitation   = "%%CITATION = ARXIV:1704.07175;%%"
}

@article{Chirenti:2016hzd,
      author         = "Chirenti, Cecilia and Rezzolla, Luciano",
      title          = "{Did GW150914 produce a rotating gravastar?}",
      journal        = "Phys. Rev.",
      volume         = "D94",
      year           = "2016",
      number         = "8",
      pages          = "084016",
      doi            = "10.1103/PhysRevD.94.084016",
      eprint         = "1602.08759",
      archivePrefix  = "arXiv",
      primaryClass   = "gr-qc",
      SLACcitation   = "%%CITATION = ARXIV:1602.08759;%%"
}

@article{Cardoso:2014sna,
      author         = "Cardoso, Vitor and Crispino, LuÃ­s C. B. and Macedo, Caio
                        F. B. and Okawa, Hirotada and Pani, Paolo",
      title          = "{Light rings as observational evidence for event
                        horizons: long-lived modes, ergoregions and nonlinear
                        instabilities of ultracompact objects}",
      journal        = "Phys. Rev.",
      volume         = "D90",
      year           = "2014",
      number         = "4",
      pages          = "044069",
      doi            = "10.1103/PhysRevD.90.044069",
      eprint         = "1406.5510",
      archivePrefix  = "arXiv",
      primaryClass   = "gr-qc",
      SLACcitation   = "%%CITATION = ARXIV:1406.5510;%%"
}

@article{Cardoso:2016rao,
      author         = "Cardoso, Vitor and Franzin, Edgardo and Pani, Paolo",
      title          = "{Is the gravitational-wave ringdown a probe of the event
                        horizon?}",
      journal        = "Phys. Rev. Lett.",
      volume         = "116",
      year           = "2016",
      number         = "17",
      pages          = "171101",
      doi            = "10.1103/PhysRevLett.117.089902,
                        10.1103/PhysRevLett.116.171101",
      note           = "[Erratum: Phys. Rev. Lett.117,no.8,089902(2016)]",
      eprint         = "1602.07309",
      archivePrefix  = "arXiv",
      primaryClass   = "gr-qc",
      SLACcitation   = "%%CITATION = ARXIV:1602.07309;%%"
}

@article{Cardoso:2016oxy,
      author         = "Cardoso, Vitor and Hopper, Seth and Macedo, Caio F. B.
                        and Palenzuela, Carlos and Pani, Paolo",
      title          = "{Gravitational-wave signatures of exotic compact objects
                        and of quantum corrections at the horizon scale}",
      journal        = "Phys. Rev.",
      volume         = "D94",
      year           = "2016",
      number         = "8",
      pages          = "084031",
      doi            = "10.1103/PhysRevD.94.084031",
      eprint         = "1608.08637",
      archivePrefix  = "arXiv",
      primaryClass   = "gr-qc",
      SLACcitation   = "%%CITATION = ARXIV:1608.08637;%%"
}

@article{Zenginoglu:2012xe,
      author         = "Zenginoglu, Anil and Galley, Chad R.",
      title          = "{Caustic echoes from a Schwarzschild black hole}",
      journal        = "Phys. Rev.",
      volume         = "D86",
      year           = "2012",
      pages          = "064030",
      doi            = "10.1103/PhysRevD.86.064030",
      eprint         = "1206.1109",
      archivePrefix  = "arXiv",
      primaryClass   = "gr-qc",
      SLACcitation   = "%%CITATION = ARXIV:1206.1109;%%"
}

@article{Price:2016ywk,
      author         = "Price, Richard H and Khanna, Gaurav",
      title          = "{Arrival Times of Gravitational Radiation Peaks for
                        Binary Inspiral}",
      journal        = "Phys. Rev.",
      volume         = "D94",
      year           = "2016",
      number         = "10",
      pages          = "104026",
      doi            = "10.1103/PhysRevD.94.104026",
      eprint         = "1607.04226",
      archivePrefix  = "arXiv",
      primaryClass   = "gr-qc",
      SLACcitation   = "%%CITATION = ARXIV:1607.04226;%%"
}

@article{Buonanno:2009qa,
      author         = "Buonanno, Alessandra and Pan, Yi and Pfeiffer, Harald P.
                        and Scheel, Mark A. and Buchman, Luisa T. and Kidder,
                        Lawrence E.",
      title          = "{Effective-one-body waveforms calibrated to numerical
                        relativity simulations: Coalescence of non-spinning,
                        equal-mass black holes}",
      journal        = "Phys. Rev.",
      volume         = "D79",
      year           = "2009",
      pages          = "124028",
      doi            = "10.1103/PhysRevD.79.124028",
      eprint         = "0902.0790",
      archivePrefix  = "arXiv",
      primaryClass   = "gr-qc",
      SLACcitation   = "%%CITATION = ARXIV:0902.0790;%%"
}

@article{Casals:2015nja,
      author         = "Casals, Marc and Ottewill, Adrian C.",
      title          = "{High-order tail in Schwarzschild spacetime}",
      journal        = "Phys. Rev.",
      volume         = "D92",
      year           = "2015",
      number         = "12",
      pages          = "124055",
      doi            = "10.1103/PhysRevD.92.124055",
      eprint         = "1509.04702",
      archivePrefix  = "arXiv",
      primaryClass   = "gr-qc",
      SLACcitation   = "%%CITATION = ARXIV:1509.04702;%%"
}

@article{Pan:2011gk,
      author         = "Pan, Yi and Buonanno, Alessandra and Boyle, Michael and
                        Buchman, Luisa T. and Kidder, Lawrence E. and Pfeiffer,
                        Harald P. and Scheel, Mark A.",
      title          = "{Inspiral-merger-ringdown multipolar waveforms of
                        nonspinning black-hole binaries using the
                        effective-one-body formalism}",
      journal        = "Phys. Rev.",
      volume         = "D84",
      year           = "2011",
      pages          = "124052",
      doi            = "10.1103/PhysRevD.84.124052",
      eprint         = "1106.1021",
      archivePrefix  = "arXiv",
      primaryClass   = "gr-qc",
      SLACcitation   = "%%CITATION = ARXIV:1106.1021;%%"
}

@article{Neitzke:2003mz,
      author         = "Neitzke, Andrew",
      title          = "{Greybody factors at large imaginary frequencies}",
      year           = "2003",
      eprint         = "hep-th/0304080",
      archivePrefix  = "arXiv",
      primaryClass   = "hep-th",
      reportNumber   = "HUTP-03-A027",
      SLACcitation   = "%%CITATION = HEP-TH/0304080;%%"
}

@article{Price:2015gia,
      author         = "Price, Richard H. and Nampalliwar, Sourabh and Khanna,
                        Gaurav",
      title          = "{Black hole binary inspiral: Analysis of the plunge}",
      journal        = "Phys. Rev.",
      volume         = "D93",
      year           = "2016",
      number         = "4",
      pages          = "044060",
      doi            = "10.1103/PhysRevD.93.044060",
      eprint         = "1508.04797",
      archivePrefix  = "arXiv",
      primaryClass   = "gr-qc",
      SLACcitation   = "%%CITATION = ARXIV:1508.04797;%%"
}

@article{Berti:2006wq,
      author         = "Berti, Emanuele and Cardoso, Vitor",
      title          = "{Quasinormal ringing of Kerr black holes. I. The
                        Excitation factors}",
      journal        = "Phys. Rev.",
      volume         = "D74",
      year           = "2006",
      pages          = "104020",
      doi            = "10.1103/PhysRevD.74.104020",
      eprint         = "gr-qc/0605118",
      archivePrefix  = "arXiv",
      primaryClass   = "gr-qc",
      SLACcitation   = "%%CITATION = GR-QC/0605118;%%"
}

@article{Boyle:2007ft,
      author         = "Boyle, Michael and Brown, Duncan A. and Kidder, Lawrence
                        E. and Mroue, Abdul H. and Pfeiffer, Harald P. and Scheel,
                        Mark A. and Cook, Gregory B. and Teukolsky, Saul A.",
      title          = "{High-accuracy comparison of numerical relativity
                        simulations with post-Newtonian expansions}",
      journal        = "Phys. Rev.",
      volume         = "D76",
      year           = "2007",
      pages          = "124038",
      doi            = "10.1103/PhysRevD.76.124038",
      eprint         = "0710.0158",
      archivePrefix  = "arXiv",
      primaryClass   = "gr-qc",
      SLACcitation   = "%%CITATION = ARXIV:0710.0158;%%"
}

@article{Lousto:1997wf,
      author         = "Lousto, Carlos O. and Price, Richard H.",
      title          = "{Understanding initial data for black hole collisions}",
      journal        = "Phys. Rev.",
      volume         = "D56",
      year           = "1997",
      pages          = "6439-6457",
      doi            = "10.1103/PhysRevD.56.6439",
      eprint         = "gr-qc/9705071",
      archivePrefix  = "arXiv",
      primaryClass   = "gr-qc",
      SLACcitation   = "%%CITATION = GR-QC/9705071;%%"
}

@article{PhysRevD.59.044017,
  title = {Late time dynamics of scalar perturbations outside black holes. II. Schwarzschild geometry},
  author = {Barack, Leor},
  journal = {Phys. Rev. D},
  volume = {59},
  issue = {4},
  pages = {044017},
  numpages = {17},
  year = {1999},
  month = {Jan},
  publisher = {American Physical Society},
  doi = {10.1103/PhysRevD.59.044017},
  url = {https://link.aps.org/doi/10.1103/PhysRevD.59.044017}
}


@article{Mark:2017dnq,
      author         = "Mark, Zachary and Zimmerman, Aaron and Du, Song Ming and
                        Chen, Yanbei",
      title          = "{A recipe for echoes from exotic compact objects}",
      year           = "2017",
      eprint         = "1706.06155",
      archivePrefix  = "arXiv",
      primaryClass   = "gr-qc",
      reportNumber   = "LIGO-P1700145",
      SLACcitation   = "%%CITATION = ARXIV:1706.06155;%%"
}

@article{Zhao:2015pqa,
	Archiveprefix = {arXiv},
	Author = {Zhao, Peng and Tian, Yu and Wu, Xiaoninng and Sun, Zhao-Yong},
	Date-Added = {2016-01-26 19:45:21 +0000},
	Date-Modified = {2016-01-26 19:45:21 +0000},
	Doi = {10.1007/JHEP11(2015)167},
	Eprint = {1506.08276},
	Journal = {JHEP},
	Pages = {167},
	Primaryclass = {gr-qc},
	Slaccitation = {%%CITATION = ARXIV:1506.08276;%%},
	Title = {{The Quasi-normal Modes of Charged Scalar Fields in Kerr-Newman black hole and Its Geometric Interpretation}},
	Volume = {11},
	Year = {2015},
	Bdsk-Url-1 = {http://dx.doi.org/10.1007/JHEP11(2015)167}}

@article{Aretakis:2012ei,
	Archiveprefix = {arXiv},
	Author = {Aretakis, Stefanos},
	Date-Added = {2016-01-26 19:44:25 +0000},
	Date-Modified = {2016-01-26 19:44:25 +0000},
	Doi = {10.4310/ATMP.2015.v19.n3.a1},
	Eprint = {1206.6598},
	Journal = {Adv. Theor. Math. Phys.},
	Pages = {507-530},
	Primaryclass = {gr-qc},
	Slaccitation = {%%CITATION = ARXIV:1206.6598;%%},
	Title = {{Horizon Instability of Extremal Black Holes}},
	Volume = {19},
	Year = {2015},
	Bdsk-Url-1 = {http://dx.doi.org/10.4310/ATMP.2015.v19.n3.a1}}

@article{Berti:2005gp,
	Archiveprefix = {arXiv},
	Author = {Berti, Emanuele and Cardoso, Vitor and Casals, Marc},
	Date-Added = {2015-11-24 10:05:56 +0000},
	Date-Modified = {2015-11-24 10:05:56 +0000},
	Doi = {10.1103/PhysRevD.73.109902, 10.1103/PhysRevD.73.024013},
	Eprint = {gr-qc/0511111},
	Journal = {Phys. Rev.},
	Note = {[Erratum: Phys. Rev.D73,109902(2006)]},
	Pages = {024013},
	Primaryclass = {gr-qc},
	Slaccitation = {%%CITATION = GR-QC/0511111;%%},
	Title = {{Eigenvalues and eigenfunctions of spin-weighted spheroidal harmonics in four and higher dimensions}},
	Volume = {D73},
	Year = {2006},
	Bdsk-Url-1 = {http://dx.doi.org/10.1103/PhysRevD.73.109902,%2010.1103/PhysRevD.73.024013}}

@book{MTW,
	Address = {{San Francisco}},
	Author = {C.W. Misner and K.S. Thorne and J.A. Wheeler},
	Date-Added = {2015-11-20 16:06:48 +0000},
	Date-Modified = {2015-11-20 16:06:48 +0000},
	Publisher = {{Freeman}},
	Title = {Gravitation},
	Year = {1973}}

@article{KonoplyaNEKN,
	Author = {Konoplya, R. A. and Zhidenko, A.},
	Doi = {10.1103/PhysRevD.88.024054},
	Issue = {2},
	Journal = {Phys. Rev. D},
	Month = {Jul},
	Numpages = {13},
	Pages = {024054},
	Publisher = {American Physical Society},
	Title = {Massive charged scalar field in the Kerr-Newman background: Quasinormal modes, late-time tails and stability},
	Url = {http://link.aps.org/doi/10.1103/PhysRevD.88.024054},
	Volume = {88},
	Year = {2013},
	Bdsk-Url-1 = {http://link.aps.org/doi/10.1103/PhysRevD.88.024054},
	Bdsk-Url-2 = {http://dx.doi.org/10.1103/PhysRevD.88.024054}}

@article{Brito:2015oca,
	Archiveprefix = {arXiv},
	Author = {Brito, Richard and Cardoso, Vitor and Pani, Paolo},
	Date-Added = {2015-11-12 23:00:31 +0000},
	Date-Modified = {2015-11-12 23:00:31 +0000},
	Doi = {10.1007/978-3-319-19000-6},
	Eprint = {1501.06570},
	Journal = {Lect. Notes Phys.},
	Pages = {pp.1-237},
	Primaryclass = {gr-qc},
	Slaccitation = {%%CITATION = ARXIV:1501.06570;%%},
	Title = {{Superradiance}},
	Volume = {906},
	Year = {2015},
	Bdsk-Url-1 = {http://dx.doi.org/10.1007/978-3-319-19000-6}}

@article{Son:2007vk,
	Archiveprefix = {arXiv},
	Author = {Son, Dam T. and Starinets, Andrei O.},
	Date-Added = {2015-11-12 22:38:32 +0000},
	Date-Modified = {2015-11-12 22:38:32 +0000},
	Doi = {10.1146/annurev.nucl.57.090506.123120},
	Eprint = {0704.0240},
	Journal = {Ann. Rev. Nucl. Part. Sci.},
	Pages = {95-118},
	Primaryclass = {hep-th},
	Reportnumber = {INT-PUB-07-02},
	Slaccitation = {%%CITATION = ARXIV:0704.0240;%%},
	Title = {{Viscosity, Black Holes, and Quantum Field Theory}},
	Volume = {57},
	Year = {2007},
	Bdsk-Url-1 = {http://dx.doi.org/10.1146/annurev.nucl.57.090506.123120}}

@article{Bardeen:1999px,
	Archiveprefix = {arXiv},
	Author = {Bardeen, James M. and Horowitz, Gary T.},
	Date-Added = {2015-11-12 22:06:56 +0000},
	Date-Modified = {2015-11-20 11:05:27 +0000},
	Doi = {10.1103/PhysRevD.60.104030},
	Eprint = {hep-th/9905099},
	Journal = {Phys. Rev.},
	Pages = {104030},
	Primaryclass = {hep-th},
	Reportnumber = {NSF-ITP-99-29},
	Slaccitation = {%%CITATION = HEP-TH/9905099;%%},
	Title = {{The Extreme Kerr throat geometry: A Vacuum analog of AdS$_2$ x S$^2$}},
	Volume = {D60},
	Year = {1999},
	Bdsk-Url-1 = {http://dx.doi.org/10.1103/PhysRevD.60.104030}}

@article{Hartman:2008pb,
	Archiveprefix = {arXiv},
	Author = {Hartman, Thomas and Murata, Keiju and Nishioka, Tatsuma and Strominger, Andrew},
	Date-Added = {2015-11-12 21:59:03 +0000},
	Date-Modified = {2015-11-12 21:59:03 +0000},
	Doi = {10.1088/1126-6708/2009/04/019},
	Eprint = {0811.4393},
	Journal = {JHEP},
	Pages = {019},
	Primaryclass = {hep-th},
	Reportnumber = {KUNS-2167},
	Slaccitation = {%%CITATION = ARXIV:0811.4393;%%},
	Title = {{CFT Duals for Extreme Black Holes}},
	Volume = {04},
	Year = {2009},
	Bdsk-Url-1 = {http://dx.doi.org/10.1088/1126-6708/2009/04/019}}

@article{Hartman:2009nz,
	Archiveprefix = {arXiv},
	Author = {Hartman, Thomas and Song, Wei and Strominger, Andrew},
	Date-Added = {2015-11-12 21:58:04 +0000},
	Date-Modified = {2015-11-12 21:58:04 +0000},
	Doi = {10.1007/JHEP03(2010)118},
	Eprint = {0908.3909},
	Journal = {JHEP},
	Pages = {118},
	Primaryclass = {hep-th},
	Slaccitation = {%%CITATION = ARXIV:0908.3909;%%},
	Title = {{Holographic Derivation of Kerr-Newman Scattering Amplitudes for General Charge and Spin}},
	Volume = {03},
	Year = {2010},
	Bdsk-Url-1 = {http://dx.doi.org/10.1007/JHEP03(2010)118}}

@article{Dreyer2004,
	Adsnote = {Provided by the SAO/NASA Astrophysics Data System},
	Adsurl = {http://adsabs.harvard.edu/abs/2004CQGra..21..787D},
	Author = {{Dreyer}, O. and {Kelly}, B. and {Krishnan}, B. and {Finn}, L.~S. and {Garrison}, D. and {Lopez-Aleman}, R.},
	Date-Added = {2015-11-12 21:56:18 +0000},
	Date-Modified = {2015-11-12 21:56:18 +0000},
	Doi = {10.1088/0264-9381/21/4/003},
	Eprint = {arXiv:gr-qc/0309007},
	Journal = {Classical and Quantum Gravity},
	Month = feb,
	Pages = {787-803},
	Title = {{Black-hole spectroscopy: testing general relativity through gravitational-wave observations}},
	Volume = 21,
	Year = 2004,
	Bdsk-Url-1 = {http://dx.doi.org/10.1088/0264-9381/21/4/003}}

@article{Berti:2005ys,
	Archiveprefix = {arXiv},
	Author = {Berti, Emanuele and Cardoso, Vitor and Will, Clifford M.},
	Date-Added = {2015-11-12 21:53:56 +0000},
	Date-Modified = {2015-11-12 21:53:56 +0000},
	Doi = {10.1103/PhysRevD.73.064030},
	Eprint = {gr-qc/0512160},
	Journal = {Phys. Rev.},
	Pages = {064030},
	Primaryclass = {gr-qc},
	Slaccitation = {%%CITATION = GR-QC/0512160;%%},
	Title = {{On gravitational-wave spectroscopy of massive black holes with the space interferometer LISA}},
	Volume = {D73},
	Year = {2006},
	Bdsk-Url-1 = {http://dx.doi.org/10.1103/PhysRevD.73.064030}}

@article{Porfyriadis:2014fja,
	Archiveprefix = {arXiv},
	Author = {Porfyriadis, Achilleas P. and Strominger, Andrew},
	Date-Added = {2015-11-12 21:48:48 +0000},
	Date-Modified = {2015-11-12 21:48:48 +0000},
	Doi = {10.1103/PhysRevD.90.044038},
	Eprint = {1401.3746},
	Journal = {Phys. Rev.},
	Number = {4},
	Pages = {044038},
	Primaryclass = {hep-th},
	Slaccitation = {%%CITATION = ARXIV:1401.3746;%%},
	Title = {{Gravity waves from the Kerr/CFT correspondence}},
	Volume = {D90},
	Year = {2014},
	Bdsk-Url-1 = {http://dx.doi.org/10.1103/PhysRevD.90.044038}}

@article{Kerr:1963ud,
	Author = {Kerr, Roy P.},
	Date-Added = {2015-11-12 19:04:08 +0000},
	Date-Modified = {2015-11-12 19:04:08 +0000},
	Doi = {10.1103/PhysRevLett.11.237},
	Journal = {Phys. Rev. Lett.},
	Pages = {237-238},
	Slaccitation = {%%CITATION = PRLTA,11,237;%%},
	Title = {{Gravitational field of a spinning mass as an example of algebraically special metrics}},
	Volume = {11},
	Year = {1963},
	Bdsk-Url-1 = {http://dx.doi.org/10.1103/PhysRevLett.11.237}}

@article{Teukolsky:2014vca,
	Archiveprefix = {arXiv},
	Author = {Teukolsky, Saul A.},
	Date-Added = {2015-11-12 19:03:40 +0000},
	Date-Modified = {2015-11-12 19:03:40 +0000},
	Doi = {10.1088/0264-9381/32/12/124006},
	Eprint = {1410.2130},
	Journal = {Class. Quant. Grav.},
	Number = {12},
	Pages = {124006},
	Primaryclass = {gr-qc},
	Slaccitation = {%%CITATION = ARXIV:1410.2130;%%},
	Title = {{The Kerr Metric}},
	Volume = {32},
	Year = {2015},
	Bdsk-Url-1 = {http://dx.doi.org/10.1088/0264-9381/32/12/124006}}

@article{Blandford:1977ds,
	Author = {Blandford, R. D. and Znajek, R. L.},
	Date-Added = {2015-11-12 19:02:14 +0000},
	Date-Modified = {2015-11-12 19:02:14 +0000},
	Journal = {Mon. Not. Roy. Astron. Soc.},
	Pages = {433-456},
	Slaccitation = {%%CITATION = MNRAA,179,433;%%},
	Title = {{Electromagnetic extractions of energy from Kerr black holes}},
	Volume = {179},
	Year = {1977}}

@article{Newman:1965my,
	Author = {Newman, E T. and Couch, R. and Chinnapared, K. and Exton, A. and Prakash, A. and Torrence, R.},
	Date-Added = {2015-11-12 18:59:10 +0000},
	Date-Modified = {2015-11-12 18:59:10 +0000},
	Doi = {10.1063/1.1704351},
	Journal = {J. Math. Phys.},
	Pages = {918-919},
	Slaccitation = {%%CITATION = JMAPA,6,918;%%},
	Title = {{Metric of a Rotating, Charged Mass}},
	Volume = {6},
	Year = {1965},
	Bdsk-Url-1 = {http://dx.doi.org/10.1063/1.1704351}}

@article{Couch:2012zz,
	Author = {Couch, W. E. and Holder, C. L.},
	Date-Added = {2015-11-12 18:58:53 +0000},
	Date-Modified = {2015-11-12 18:58:53 +0000},
	Doi = {10.1063/1.4723815},
	Journal = {J. Math. Phys.},
	Pages = {062502},
	Slaccitation = {%%CITATION = JMAPA,53,062502;%%},
	Title = {{Liouvillian quasi-normal modes of Kerr-Newman black holes}},
	Volume = {53},
	Year = {2012},
	Bdsk-Url-1 = {http://dx.doi.org/10.1063/1.4723815}}

@article{Adamo:2014baa,
	Archiveprefix = {arXiv},
	Author = {Adamo, Tim and Newman, E. T.},
	Date-Added = {2015-11-12 18:50:29 +0000},
	Date-Modified = {2015-11-12 18:50:29 +0000},
	Doi = {10.4249/scholarpedia.31791},
	Eprint = {1410.6626},
	Journal = {Scholarpedia},
	Pages = {31791},
	Primaryclass = {gr-qc},
	Slaccitation = {%%CITATION = ARXIV:1410.6626;%%},
	Title = {{The Kerr-Newman metric: A Review}},
	Volume = {9},
	Year = {2014},
	Bdsk-Url-1 = {http://dx.doi.org/10.4249/scholarpedia.31791}}

@article{Chrusciel:2012jk,
	Archiveprefix = {arXiv},
	Author = {Chrusciel, Piotr T. and Costa, Joao Lopes and Heusler, Markus},
	Date-Added = {2015-11-12 18:49:41 +0000},
	Date-Modified = {2015-11-12 18:49:41 +0000},
	Doi = {10.12942/lrr-2012-7},
	Eprint = {1205.6112},
	Journal = {Living Rev. Rel.},
	Pages = {7},
	Primaryclass = {gr-qc},
	Slaccitation = {%%CITATION = ARXIV:1205.6112;%%},
	Title = {{Stationary Black Holes: Uniqueness and Beyond}},
	Volume = {15},
	Year = {2012},
	Bdsk-Url-1 = {http://dx.doi.org/10.12942/lrr-2012-7}}

@article{Kokkotas1999,
	Adsnote = {Provided by the SAO/NASA Astrophysics Data System},
	Adsurl = {http://adsabs.harvard.edu/abs/1999LRR.....2....2K},
	Author = {{Kokkotas}, K. and {Schmidt}, B.},
	Date-Added = {2015-11-11 19:53:20 +0000},
	Date-Modified = {2015-11-11 19:53:20 +0000},
	Eprint = {arXiv:gr-qc/9909058},
	Journal = {Living Reviews in Relativity},
	Month = sep,
	Pages = {2},
	Title = {{Quasi-Normal Modes of Stars and Black Holes}},
	Volume = 2,
	Year = 1999}

@article{Gibbons1974,
	Author = {{Gibbons}, G.~W.},
	Date-Added = {2015-11-11 19:30:24 +0000},
	Date-Modified = {2015-11-11 19:30:24 +0000},
	Journal = {Communications in Mathematical Physics},
	Month = mar,
	Pages = {13-23},
	Title = {{The motion of black holes}},
	Volume = 35,
	Year = 1974}

@article{Barausse:2014tra,
	Archiveprefix = {arXiv},
	Author = {Barausse, Enrico and Cardoso, Vitor and Pani, Paolo},
	Date-Added = {2015-11-06 00:05:27 +0000},
	Date-Modified = {2015-11-06 00:05:27 +0000},
	Doi = {10.1103/PhysRevD.89.104059},
	Eprint = {1404.7149},
	Journal = {Phys. Rev.},
	Number = {10},
	Pages = {104059},
	Primaryclass = {gr-qc},
	Slaccitation = {%%CITATION = ARXIV:1404.7149;%%},
	Title = {{Can environmental effects spoil precision gravitational-wave astrophysics?}},
	Volume = {D89},
	Year = {2014},
	Bdsk-Url-1 = {http://dx.doi.org/10.1103/PhysRevD.89.104059}}

@article{Civin:2014bha,
	Archiveprefix = {arXiv},
	Author = {Civin, Damon},
	Date-Added = {2015-11-06 00:02:26 +0000},
	Date-Modified = {2015-11-06 00:02:26 +0000},
	Eprint = {1405.3620},
	Primaryclass = {gr-qc},
	Slaccitation = {%%CITATION = ARXIV:1405.3620;%%},
	Title = {{Quantitative mode stability for the wave equation on the Kerr-Newman spacetime}},
	Year = {2014}}

@article{Guica2009,
	Adsnote = {Provided by the SAO/NASA Astrophysics Data System},
	Adsurl = {http://adsabs.harvard.edu/abs/2009PhRvD..80l4008G},
	Archiveprefix = {arXiv},
	Author = {{Guica}, M. and {Hartman}, T. and {Song}, W. and {Strominger}, A.},
	Date-Added = {2015-11-05 23:56:36 +0000},
	Date-Modified = {2015-11-05 23:56:36 +0000},
	Doi = {10.1103/PhysRevD.80.124008},
	Eid = {124008},
	Eprint = {0809.4266},
	Journal = {\prd},
	Keywords = {Quantum gravity, Quantum aspects of black holes, evaporation, thermodynamics},
	Month = dec,
	Number = 12,
	Pages = {124008},
	Primaryclass = {hep-th},
	Title = {{The Kerr/CFT correspondence}},
	Volume = 80,
	Year = 2009,
	Bdsk-Url-1 = {http://dx.doi.org/10.1103/PhysRevD.80.124008}}

@article{TeukolskyPress1974,
	Adsnote = {Provided by the SAO/NASA Astrophysics Data System},
	Adsurl = {http://adsabs.harvard.edu/abs/1974ApJ...193..443T},
	Author = {{Teukolsky}, S.~A. and {Press}, W.~H.},
	Date-Added = {2015-11-05 23:55:45 +0000},
	Date-Modified = {2015-11-05 23:55:45 +0000},
	Doi = {10.1086/153180},
	Journal = {\apj},
	Keywords = {BLACK HOLES (ASTRONOMY), ELECTROMAGNETIC INTERACTIONS, GRAVITATIONAL WAVES, PERTURBATION THEORY, STELLAR ROTATION, ANGULAR MOMENTUM, ASYMPTOTIC METHODS, BOUNDARY VALUE PROBLEMS, CONSERVATION LAWS, EIGENVALUES, ELECTROMAGNETIC SCATTERING, ENERGY TRANSFER, TABLES (DATA)},
	Month = oct,
	Pages = {443-461},
	Title = {{Perturbations of a rotating black hole. III - Interaction of the hole with gravitational and electromagnetic radiation}},
	Volume = 193,
	Year = 1974,
	Bdsk-Url-1 = {http://dx.doi.org/10.1086/153180}}

@article{Yang:2014zva,
	Archiveprefix = {arXiv},
	Author = {Yang, Huan and Zhang, Fan},
	Date-Added = {2015-11-05 23:55:14 +0000},
	Date-Modified = {2015-11-05 23:55:14 +0000},
	Eprint = {arXiv:1406.4602},
	Primaryclass = {astro-ph.HE},
	Slaccitation = {%%CITATION = ARXIV:1406.4602;%%},
	Title = {{Stability of Force-Free Magnetospheres}},
	Year = {2014}}

@article{Aretakis:2013dpa,
	Archiveprefix = {arXiv},
	Author = {Aretakis, Stefanos},
	Date-Added = {2015-11-05 19:57:22 +0000},
	Date-Modified = {2015-11-05 19:57:22 +0000},
	Doi = {10.1103/PhysRevD.87.084052},
	Eprint = {1304.4616},
	Journal = {Phys. Rev.},
	Pages = {084052},
	Primaryclass = {gr-qc},
	Slaccitation = {%%CITATION = ARXIV:1304.4616;%%},
	Title = {{Nonlinear instability of scalar fields on extremal black holes}},
	Volume = {D87},
	Year = {2013},
	Bdsk-Url-1 = {http://dx.doi.org/10.1103/PhysRevD.87.084052}}

@article{Dias:2015wqa,
	Archiveprefix = {arXiv},
	Author = {Dias, Oscar J. C. and Godazgar, Mahdi and Santos, Jorge E.},
	Date-Added = {2015-11-04 18:56:38 +0000},
	Date-Modified = {2015-11-04 18:56:38 +0000},
	Doi = {10.1103/PhysRevLett.114.151101},
	Eprint = {1501.04625},
	Journal = {Phys. Rev. Lett.},
	Number = {15},
	Pages = {151101},
	Primaryclass = {gr-qc},
	Slaccitation = {%%CITATION = ARXIV:1501.04625;%%},
	Title = {{Linear Mode Stability of the Kerr-Newman Black Hole and Its Quasinormal Modes}},
	Volume = {114},
	Year = {2015},
	Bdsk-Url-1 = {http://dx.doi.org/10.1103/PhysRevLett.114.151101}}

@article{Zilhao:2014wqa,
	Archiveprefix = {arXiv},
	Author = {Zilh{\~a}o, Miguel and Cardoso, Vitor and Herdeiro, Carlos and Lehner, Luis and Sperhake, Ulrich},
	Date-Added = {2015-11-04 18:52:48 +0000},
	Date-Modified = {2015-11-04 18:52:48 +0000},
	Doi = {10.1103/PhysRevD.90.124088},
	Eprint = {1410.0694},
	Journal = {Phys. Rev.},
	Number = {12},
	Pages = {124088},
	Primaryclass = {gr-qc},
	Slaccitation = {%%CITATION = ARXIV:1410.0694;%%},
	Title = {{Testing the nonlinear stability of Kerr-Newman black holes}},
	Volume = {D90},
	Year = {2014},
	Bdsk-Url-1 = {http://dx.doi.org/10.1103/PhysRevD.90.124088}}

@article{Hod:2014uqa,
	Archiveprefix = {arXiv},
	Author = {Hod, Shahar},
	Date-Added = {2015-11-04 18:52:35 +0000},
	Date-Modified = {2015-11-04 18:52:35 +0000},
	Doi = {10.1140/epjc/s10052-015-3466-x},
	Eprint = {1410.2252},
	Journal = {Eur. Phys. J.},
	Number = {6},
	Pages = {272},
	Primaryclass = {gr-qc},
	Slaccitation = {%%CITATION = ARXIV:1410.2252;%%},
	Title = {{Universality of the quasinormal spectrum of near-extremal Kerr--Newman black holes}},
	Volume = {C75},
	Year = {2015},
	Bdsk-Url-1 = {http://dx.doi.org/10.1140/epjc/s10052-015-3466-x}}

@article{Pani:2013ija,
	Archiveprefix = {arXiv},
	Author = {Pani, Paolo and Berti, Emanuele and Gualtieri, Leonardo},
	Date-Added = {2015-11-04 16:53:43 +0000},
	Date-Modified = {2015-11-04 16:53:43 +0000},
	Doi = {10.1103/PhysRevLett.110.241103},
	Eprint = {1304.1160},
	Journal = {Phys. Rev. Lett.},
	Number = {24},
	Pages = {241103},
	Primaryclass = {gr-qc},
	Slaccitation = {%%CITATION = ARXIV:1304.1160;%%},
	Title = {{Gravitoelectromagnetic Perturbations of Kerr-Newman Black Holes: Stability and Isospectrality in the Slow-Rotation Limit}},
	Volume = {110},
	Year = {2013},
	Bdsk-Url-1 = {http://dx.doi.org/10.1103/PhysRevLett.110.241103}}

@article{Pani:2013wsa,
	Archiveprefix = {arXiv},
	Author = {Pani, Paolo and Berti, Emanuele and Gualtieri, Leonardo},
	Date-Added = {2015-11-04 16:51:59 +0000},
	Date-Modified = {2015-11-04 16:51:59 +0000},
	Doi = {10.1103/PhysRevD.88.064048},
	Eprint = {1307.7315},
	Journal = {Phys. Rev.},
	Pages = {064048},
	Primaryclass = {gr-qc},
	Slaccitation = {%%CITATION = ARXIV:1307.7315;%%},
	Title = {{Scalar, Electromagnetic and Gravitational Perturbations of Kerr-Newman Black Holes in the Slow-Rotation Limit}},
	Volume = {D88},
	Year = {2013},
	Bdsk-Url-1 = {http://dx.doi.org/10.1103/PhysRevD.88.064048}}

@article{Chandra:1984a,
	Adsnote = {Provided by the SAO/NASA Astrophysics Data System},
	Adsurl = {http://adsabs.harvard.edu/abs/1984RSPSA.392....1C},
	Author = {{Chandrasekhar}, S.},
	Date-Added = {2015-11-04 16:42:46 +0000},
	Date-Modified = {2015-11-04 16:43:05 +0000},
	Doi = {10.1098/rspa.1984.0021},
	Journal = {Proceedings of the Royal Society of London Series A},
	Keywords = {Black Holes (Astronomy), Gravitational Waves, Kerr Effects, Perturbation Theory, Space-Time Functions, Algebra, Reissner-Nordstrom Solution, Schwarzschild Metric},
	Month = mar,
	Pages = {1-13},
	Title = {{On algebraically special perturbations of black holes}},
	Volume = 392,
	Year = 1984,
	Bdsk-Url-1 = {http://dx.doi.org/10.1098/rspa.1984.0021}}

@article{Zerilli:1970wd,
	Author = {Zerilli, F. J.},
	Date-Added = {2015-11-04 15:00:27 +0000},
	Date-Modified = {2015-11-04 15:00:35 +0000},
	Doi = {10.1103/PhysRevD.2.2141},
	Journal = {Phys. Rev.},
	Pages = {2141-2160},
	Slaccitation = {%%CITATION = PHRVA,D2,2141;%%},
	Title = {{Gravitational field of a particle falling in a schwarzschild geometry analyzed in tensor harmonics}},
	Volume = {D2},
	Year = {1970},
	Bdsk-Url-1 = {http://dx.doi.org/10.1103/PhysRevD.2.2141}}

@article{Zerilli:1974ai,
	Author = {Zerilli, Frank J.},
	Date-Added = {2015-11-04 14:53:53 +0000},
	Date-Modified = {2015-11-04 14:54:20 +0000},
	Doi = {10.1103/PhysRevD.9.860},
	Issue = {4},
	Journal = {Phys. Rev. D},
	Month = {Feb},
	Numpages = {0},
	Pages = {860--868},
	Publisher = {American Physical Society},
	Title = {Perturbation analysis for gravitational and electromagnetic radiation in a Reissner-Nordstr\"om geometry},
	Url = {http://link.aps.org/doi/10.1103/PhysRevD.9.860},
	Volume = {9},
	Year = {1974},
	Bdsk-Url-1 = {http://link.aps.org/doi/10.1103/PhysRevD.9.860},
	Bdsk-Url-2 = {http://dx.doi.org/10.1103/PhysRevD.9.860}}

@article{Moncrief:1974gw,
	Author = {Moncrief, Vincent},
	Date-Added = {2015-11-04 14:52:27 +0000},
	Date-Modified = {2015-11-04 14:52:27 +0000},
	Doi = {10.1103/PhysRevD.9.2707},
	Journal = {Phys. Rev.},
	Pages = {2707-2709},
	Slaccitation = {%%CITATION = PHRVA,D9,2707;%%},
	Title = {{Odd-parity stability of a Reissner-Nordstrom black hole}},
	Volume = {D9},
	Year = {1974},
	Bdsk-Url-1 = {http://dx.doi.org/10.1103/PhysRevD.9.2707}}

@article{Moncrief:1974ng,
	Author = {Moncrief, Vincent},
	Date-Added = {2015-11-04 14:52:19 +0000},
	Date-Modified = {2015-11-04 14:52:19 +0000},
	Doi = {10.1103/PhysRevD.10.1057},
	Journal = {Phys. Rev.},
	Pages = {1057-1059},
	Slaccitation = {%%CITATION = PHRVA,D10,1057;%%},
	Title = {{Stability of Reissner-Nordstrom black holes}},
	Volume = {D10},
	Year = {1974},
	Bdsk-Url-1 = {http://dx.doi.org/10.1103/PhysRevD.10.1057}}

@article{Moncrief:1974am,
	Author = {Moncrief, V.},
	Date-Added = {2015-11-04 14:52:10 +0000},
	Date-Modified = {2015-11-04 14:52:10 +0000},
	Doi = {10.1016/0003-4916(74)90173-0},
	Journal = {Annals Phys.},
	Pages = {323-342},
	Slaccitation = {%%CITATION = APNYA,88,323;%%},
	Title = {{Gravitational perturbations of spherically symmetric systems. I. The exterior problem.}},
	Volume = {88},
	Year = {1974},
	Bdsk-Url-1 = {http://dx.doi.org/10.1016/0003-4916(74)90173-0}}

@article{Onozawa:1995vu,
	Archiveprefix = {arXiv},
	Author = {Onozawa, Hisashi and Mishima, Takashi and Okamura, Takashi and Ishihara, Hideki},
	Date-Added = {2015-11-04 14:40:25 +0000},
	Date-Modified = {2015-11-04 14:40:25 +0000},
	Doi = {10.1103/PhysRevD.53.7033},
	Eprint = {gr-qc/9603021},
	Journal = {Phys. Rev.},
	Pages = {7033-7040},
	Primaryclass = {gr-qc},
	Reportnumber = {TIT-HEP-311, COSMO-61},
	Slaccitation = {%%CITATION = GR-QC/9603021;%%},
	Title = {{Quasinormal modes of maximally charged black holes}},
	Volume = {D53},
	Year = {1996},
	Bdsk-Url-1 = {http://dx.doi.org/10.1103/PhysRevD.53.7033}}

@article{Richartz:2015saa,
	Archiveprefix = {arXiv},
	Author = {Richartz, Maur{\'\i}cio},
	Date-Added = {2015-11-04 14:39:17 +0000},
	Date-Modified = {2015-11-04 14:39:17 +0000},
	Eprint = {1509.04260},
	Primaryclass = {gr-qc},
	Slaccitation = {%%CITATION = ARXIV:1509.04260;%%},
	Title = {{Quasinormal modes of extremal Kerr black holes}},
	Year = {2015}}

@article{Andersson:1996xw,
	Archiveprefix = {arXiv},
	Author = {Andersson, Nils and Onozawa, Hisashi},
	Date-Added = {2015-11-04 14:31:05 +0000},
	Date-Modified = {2015-11-04 14:31:05 +0000},
	Doi = {10.1103/PhysRevD.54.7470},
	Eprint = {gr-qc/9607054},
	Journal = {Phys. Rev.},
	Pages = {7470-7475},
	Primaryclass = {gr-qc},
	Reportnumber = {TIT-HEP-339, COSMO-76, WUGRAV-96-7},
	Slaccitation = {%%CITATION = GR-QC/9607054;%%},
	Title = {{Quasinormal modes of nearly extreme Reissner-Nordstrom black holes}},
	Volume = {D54},
	Year = {1996},
	Bdsk-Url-1 = {http://dx.doi.org/10.1103/PhysRevD.54.7470}}

@article{Schutz:1985zz,
	Author = {Schutz, Bernard F. and Will, Clifford M.},
	Date-Added = {2015-11-04 14:22:39 +0000},
	Date-Modified = {2015-11-04 14:35:12 +0000},
	Doi = {10.1086/184453},
	Journal = {Astrophys. J.},
	Pages = {L33-L36},
	Reportnumber = {PRINT-85-0063 (WASH.U.,ST.LOUIS)},
	Slaccitation = {%%CITATION = ASJOA,291,L33;%%},
	Title = {{Black hole normal modes: A semianalytic approach}},
	Volume = {291},
	Year = {1985},
	Bdsk-Url-1 = {http://dx.doi.org/10.1086/184453}}

@article{Kokkotas:1988fm,
	Author = {Kokkotas, K. D. and Schutz, Bernard F.},
	Date-Added = {2015-11-04 14:20:38 +0000},
	Date-Modified = {2015-11-04 14:20:38 +0000},
	Doi = {10.1103/PhysRevD.37.3378},
	Journal = {Phys. Rev.},
	Pages = {3378-3387},
	Slaccitation = {%%CITATION = PHRVA,D37,3378;%%},
	Title = {{Black Hole Normal Modes: A {WKB} Approach. 3. The {Reissner-Nordstrom} Black Hole}},
	Volume = {D37},
	Year = {1988},
	Bdsk-Url-1 = {http://dx.doi.org/10.1103/PhysRevD.37.3378}}

@article{Gralla:2015rpa,
	Archiveprefix = {arXiv},
	Author = {Gralla, Samuel E. and Porfyriadis, Achilleas P. and Warburton, Niels},
	Date-Added = {2015-11-02 22:57:13 +0000},
	Date-Modified = {2015-11-02 22:57:13 +0000},
	Doi = {10.1103/PhysRevD.92.064029},
	Eprint = {1506.08496},
	Journal = {Phys. Rev.},
	Number = {6},
	Pages = {064029},
	Primaryclass = {gr-qc},
	Slaccitation = {%%CITATION = ARXIV:1506.08496;%%},
	Title = {{Particle on the Innermost Stable Circular Orbit of a Rapidly Spinning Black Hole}},
	Volume = {D92},
	Year = {2015},
	Bdsk-Url-1 = {http://dx.doi.org/10.1103/PhysRevD.92.064029}}

@article{Zimmerman:2014aha,
	Archiveprefix = {arXiv},
	Author = {Zimmerman, Aaron and Yang, Huan and Mark, Zachary and Chen, Yanbei and Lehner, Luis},
	Booktitle = {{Proceedings, 3rd Session of the Sant Cugat Forum on Astrophysics : Gravitational Waves Astrophysics}},
	Date-Added = {2015-11-02 20:27:13 +0000},
	Date-Modified = {2015-11-02 20:27:13 +0000},
	Doi = {10.1007/978-3-319-10488-1_19},
	Eprint = {1406.4206},
	Journal = {Astrophys. Space Sci. Proc.},
	Pages = {217-223},
	Primaryclass = {gr-qc},
	Slaccitation = {%%CITATION = ARXIV:1406.4206;%%},
	Title = {{Quasinormal Modes Beyond Kerr}},
	Volume = {40},
	Year = {2015},
	Bdsk-Url-1 = {http://dx.doi.org/10.1007/978-3-319-10488-1_19}}

@article{Yang:2014tla,
	Archiveprefix = {arXiv},
	Author = {Yang, Huan and Zimmerman, Aaron and Lehner, Luis},
	Date-Added = {2015-11-02 20:27:06 +0000},
	Date-Modified = {2015-11-02 20:27:06 +0000},
	Doi = {10.1103/PhysRevLett.114.081101},
	Eprint = {1402.4859},
	Journal = {Phys. Rev. Lett.},
	Pages = {081101},
	Primaryclass = {gr-qc},
	Slaccitation = {%%CITATION = ARXIV:1402.4859;%%},
	Title = {{Turbulent Black Holes}},
	Volume = {114},
	Year = {2015},
	Bdsk-Url-1 = {http://dx.doi.org/10.1103/PhysRevLett.114.081101}}

@book{Wald1984,
	Address = {{Chicago}},
	Adsnote = {Provided by the SAO/NASA Astrophysics Data System},
	Adsurl = {http://adsabs.harvard.edu/abs/1984ucp..book.....W},
	Author = {{Wald}, R.~M.},
	Date-Added = {2015-11-02 18:30:53 +0000},
	Date-Modified = {2015-11-02 18:30:53 +0000},
	Editor = {{Wald, R.~M.}},
	Publisher = {{University of Chicago Press}},
	Title = {{General Relativity}},
	Year = 1984}

@article{NicholsZimmerman2012,
	Archiveprefix = {arXiv},
	Author = {Nichols, David A. and Zimmerman, Aaron and Chen, Yanbei and Lovelace, Geoffrey and Matthews, Keith D. and others},
	Date-Added = {2015-11-02 16:04:08 +0000},
	Date-Modified = {2015-11-02 16:04:08 +0000},
	Doi = {10.1103/PhysRevD.86.104028},
	Eprint = {1208.3038},
	Journal = {Phys.Rev.},
	Pages = {104028},
	Primaryclass = {gr-qc},
	Slaccitation = {%%CITATION = ARXIV:1208.3038;%%},
	Title = {{Visualizing Spacetime Curvature via Frame-Drag Vortexes and Tidal Tendexes III. Quasinormal Pulsations of Schwarzschild and Kerr Black Holes}},
	Volume = {D86},
	Year = {2012},
	Bdsk-Url-1 = {http://dx.doi.org/10.1103/PhysRevD.86.104028}}

@book{wheeler1972magic,
	Author = {Wheeler, J.A. and Klauder, J.R.},
	Isbn = {9780716703372},
	Lccn = {lc75183745},
	Publisher = {W. H. Freeman},
	Title = {Magic Without Magic: John Archibald Wheeler: A Collection of Essays in Honor of His Sixtieth Birthday},
	Url = {https://books.google.com/books?id=TQduOwAACAAJ},
	Year = {1972},
	Bdsk-Url-1 = {https://books.google.com/books?id=TQduOwAACAAJ}}

@article{Price:1972pw,
	Author = {Price, Richard H.},
	Doi = {10.1103/PhysRevD.5.2439},
	Journal = {Phys. Rev.},
	Pages = {2439-2454},
	Slaccitation = {%%CITATION = PHRVA,D5,2439;%%},
	Title = {{Nonspherical Perturbations of Relativistic Gravitational Collapse. II. Integer-Spin, Zero-Rest-Mass Fields}},
	Volume = {D5},
	Year = {1972},
	Bdsk-Url-1 = {http://dx.doi.org/10.1103/PhysRevD.5.2439}}

@article{Baker:2008mj,
      author         = "Baker, John G. and Boggs, William D. and Centrella, Joan
                        and Kelly, Bernard J. and McWilliams, Sean T. and van
                        Meter, James R.",
      title          = "{Mergers of non-spinning black-hole binaries:
                        Gravitational radiation characteristics}",
      journal        = "Phys. Rev.",
      volume         = "D78",
      year           = "2008",
      pages          = "044046",
      doi            = "10.1103/PhysRevD.78.044046",
      eprint         = "0805.1428",
      archivePrefix  = "arXiv",
      primaryClass   = "gr-qc",
      SLACcitation   = "%%CITATION = ARXIV:0805.1428;%%"
}

@article{Damour:2014yha,
      author         = "Damour, Thibault and Nagar, Alessandro",
      title          = "{A new analytic representation of the ringdown waveform
                        of coalescing spinning black hole binaries}",
      journal        = "Phys. Rev.",
      volume         = "D90",
      year           = "2014",
      number         = "2",
      pages          = "024054",
      doi            = "10.1103/PhysRevD.90.024054",
      eprint         = "1406.0401",
      archivePrefix  = "arXiv",
      primaryClass   = "gr-qc",
      SLACcitation   = "%%CITATION = ARXIV:1406.0401;%%"
}

@article{Nagar:2016iwa,
      author         = "Del Pozzo, Walter and Nagar, Alessandro",
      title          = "{Analytic family of post-merger template waveforms}",
      journal        = "Phys. Rev.",
      volume         = "D95",
      year           = "2017",
      number         = "12",
      pages          = "124034",
      doi            = "10.1103/PhysRevD.95.124034",
      eprint         = "1606.03952",
      archivePrefix  = "arXiv",
      primaryClass   = "gr-qc",
      SLACcitation   = "%%CITATION = ARXIV:1606.03952;%%"
}

@article{Bohe:2016gbl,
      author         = "BohÃ©, Alejandro and others",
      title          = "{Improved effective-one-body model of spinning,
                        nonprecessing binary black holes for the era of
                        gravitational-wave astrophysics with advanced detectors}",
      journal        = "Phys. Rev.",
      volume         = "D95",
      year           = "2017",
      number         = "4",
      pages          = "044028",
      doi            = "10.1103/PhysRevD.95.044028",
      eprint         = "1611.03703",
      archivePrefix  = "arXiv",
      primaryClass   = "gr-qc",
      reportNumber   = "LIGO-P1600315",
      SLACcitation   = "%%CITATION = ARXIV:1611.03703;%%"
}

@article{Abbott:2017vtc,
      author         = "Abbott, Benjamin P. and others",
      title          = "{GW170104: Observation of a 50-Solar-Mass Binary Black
                        Hole Coalescence at Redshift 0.2}",
      collaboration  = "VIRGO, LIGO Scientific",
      journal        = "Phys. Rev. Lett.",
      volume         = "118",
      year           = "2017",
      number         = "22",
      pages          = "221101",
      doi            = "10.1103/PhysRevLett.118.221101",
      eprint         = "1706.01812",
      archivePrefix  = "arXiv",
      primaryClass   = "gr-qc",
      reportNumber   = "LIGO-P170104",
      SLACcitation   = "%%CITATION = ARXIV:1706.01812;%%"
}

@article{Price:1971fb,
	Author = {Price, Richard H.},
	Doi = {10.1103/PhysRevD.5.2419},
	Journal = {Phys. Rev.},
	Pages = {2419-2438},
	Slaccitation = {%%CITATION = PHRVA,D5,2419;%%},
	Title = {{Nonspherical perturbations of relativistic gravitational collapse. 1. Scalar and gravitational perturbations}},
	Volume = {D5},
	Year = {1972},
	Bdsk-Url-1 = {http://dx.doi.org/10.1103/PhysRevD.5.2419}}

@article{Hod:2008se,
	Archiveprefix = {arXiv},
	Author = {Hod, Shahar},
	Doi = {10.1016/j.physletb.2008.08.002},
	Eprint = {0810.5419},
	Journal = {Phys. Lett.},
	Pages = {483-485},
	Primaryclass = {gr-qc},
	Slaccitation = {%%CITATION = ARXIV:0810.5419;%%},
	Title = {{Quasinormal resonances of near-extremal Kerr-Newman black holes}},
	Volume = {B666},
	Year = {2008},
	Bdsk-Url-1 = {http://dx.doi.org/10.1016/j.physletb.2008.08.002}}

@article{Reiris:2013efa,
	Archiveprefix = {arXiv},
	Author = {Reiris, Martin},
	Eprint = {1311.3156},
	Primaryclass = {gr-qc},
	Slaccitation = {%%CITATION = ARXIV:1311.3156;%%},
	Title = {{Instability of the extreme Kerr-Newman black-holes}},
	Year = {2013}}

@article{Nollert,
	Abstract = {Gravitational waves emitted by perturbed black holes or relativistic stars are dominated by `quasinormal ringing', damped oscillations at single frequencies which are characteristic of the underlying system. These quasinormal modes have been studied for a long time, often with the intent of describing the time evolution of a perturbation in terms of these modes in a way very similar to a normal-mode analysis. In this review, we summarize how quasinormal modes are defined and computed. We will see why they have been regarded as closely analogous to normal modes, and discover why they are actually quite different. We also discuss how quasinormal modes can be used in the analysis of a gravitational wave signal, such as will hopefully be detected in the near future.},
	Author = {Hans-Peter Nollert},
	Journal = {Classical and Quantum Gravity},
	Number = {12},
	Pages = {R159},
	Title = {Quasinormal modes: the characteristic `sound' of black holes and neutron stars},
	Url = {http://stacks.iop.org/0264-9381/16/i=12/a=201},
	Volume = {16},
	Year = {1999},
	Bdsk-Url-1 = {http://stacks.iop.org/0264-9381/16/i=12/a=201}}

@article{Andersson:2003fh,
	Archiveprefix = {arXiv},
	Author = {Andersson, N and Howls, C. J.},
	Doi = {10.1088/0264-9381/21/6/021},
	Eprint = {gr-qc/0307020},
	Journal = {Class. Quant. Grav.},
	Pages = {1623-1642},
	Primaryclass = {gr-qc},
	Slaccitation = {%%CITATION = GR-QC/0307020;%%},
	Title = {{The Asymptotic quasinormal mode spectrum of nonrotating black holes}},
	Volume = {21},
	Year = {2004},
	Bdsk-Url-1 = {http://dx.doi.org/10.1088/0264-9381/21/6/021}}

@article{Natario:2004jd,
	Archiveprefix = {arXiv},
	Author = {Natario, Jose and Schiappa, Ricardo},
	Doi = {10.4310/ATMP.2004.v8.n6.a4},
	Eprint = {hep-th/0411267},
	Journal = {Adv. Theor. Math. Phys.},
	Pages = {1001-1131},
	Primaryclass = {hep-th},
	Slaccitation = {%%CITATION = HEP-TH/0411267;%%},
	Title = {{On the classification of asymptotic quasinormal frequencies for d-dimensional black holes and quantum gravity}},
	Volume = {8},
	Year = {2004},
	Bdsk-Url-1 = {http://dx.doi.org/10.4310/ATMP.2004.v8.n6.a4}}

@article{Kokkotas:1993ef,
	Author = {Kokkotas, K. D.},
	Date-Added = {2015-10-31 18:44:12 +0000},
	Date-Modified = {2015-10-31 18:44:12 +0000},
	Doi = {10.1007/BF02822861},
	Journal = {Nuovo Cim.},
	Pages = {991-998},
	Slaccitation = {%%CITATION = NUCIA,B108,991;%%},
	Title = {{Quasinormal modes of the Kerr-Newman black hole}},
	Volume = {B108},
	Year = {1993},
	Bdsk-Url-1 = {http://dx.doi.org/10.1007/BF02822861}}

@article{Geroch:1973am,
	Author = {Geroch, Robert P. and Held, A. and Penrose, R.},
	Date-Added = {2015-10-31 17:49:28 +0000},
	Date-Modified = {2015-10-31 17:49:28 +0000},
	Doi = {10.1063/1.1666410},
	Journal = {J. Math. Phys.},
	Pages = {874-881},
	Slaccitation = {%%CITATION = JMAPA,14,874;%%},
	Title = {{A space-time calculus based on pairs of null directions}},
	Volume = {14},
	Year = {1973},
	Bdsk-Url-1 = {http://dx.doi.org/10.1063/1.1666410}}

@article{Teo2003,
	Adsnote = {Provided by the SAO/NASA Astrophysics Data System},
	Adsurl = {http://adsabs.harvard.edu/abs/2003GReGr..35.1909T},
	Author = {{Teo}, E.},
	Date-Added = {2015-04-28 18:53:55 +0000},
	Date-Modified = {2015-04-28 18:53:55 +0000},
	Doi = {10.1023/A:1026286607562},
	Journal = {General Relativity and Gravitation},
	Month = nov,
	Pages = {1909-1926},
	Title = {{Spherical Photon Orbits Around a Kerr Black Hole}},
	Volume = 35,
	Year = 2003,
	Bdsk-Url-1 = {http://dx.doi.org/10.1023/A:1026286607562}}

@article{Cook:2014cta,
	Archiveprefix = {arXiv},
	Author = {Cook, Gregory B. and Zalutsky, Maxim},
	Doi = {10.1103/PhysRevD.90.124021},
	Eprint = {1410.7698},
	Journal = {Phys. Rev.},
	Number = {12},
	Pages = {124021},
	Primaryclass = {gr-qc},
	Slaccitation = {%%CITATION = ARXIV:1410.7698;%%},
	Title = {{Gravitational perturbations of the Kerr geometry: High-accuracy study}},
	Volume = {D90},
	Year = {2014},
	Bdsk-Url-1 = {http://dx.doi.org/10.1103/PhysRevD.90.124021}}

@article{FerrariMashhoon1984,
	Author = {Ferrari, Valeria and Mashhoon, Bahram},
	Date-Added = {2015-04-28 18:36:56 +0000},
	Date-Modified = {2015-04-28 18:36:56 +0000},
	Doi = {10.1103/PhysRevD.30.295},
	Issue = {2},
	Journal = {Phys. Rev. D},
	Month = {Jul},
	Pages = {295--304},
	Publisher = {American Physical Society},
	Title = {New approach to the quasinormal modes of a black hole},
	Url = {http://link.aps.org/doi/10.1103/PhysRevD.30.295},
	Volume = 30,
	Year = 1984,
	Bdsk-Url-1 = {http://link.aps.org/doi/10.1103/PhysRevD.30.295},
	Bdsk-Url-2 = {http://dx.doi.org/10.1103/PhysRevD.30.295}}

@article{Cardoso2009,
	Adsnote = {Provided by the SAO/NASA Astrophysics Data System},
	Adsurl = {http://adsabs.harvard.edu/abs/2009PhRvD..79f4016C},
	Archiveprefix = {arXiv},
	Author = {{Cardoso}, V. and {Miranda}, A.~S. and {Berti}, E. and {Witek}, H. and {Zanchin}, V.~T.},
	Date-Added = {2015-04-28 18:36:48 +0000},
	Date-Modified = {2015-04-28 18:36:48 +0000},
	Doi = {10.1103/PhysRevD.79.064016},
	Eid = {064016},
	Eprint = {0812.1806},
	Journal = {\prd},
	Keywords = {Classical black holes, Higher-dimensional black holes, black strings, and related objects, Nonlinear dynamics and chaos},
	Month = mar,
	Number = 6,
	Pages = {064016},
	Primaryclass = {hep-th},
	Title = {{Geodesic stability, Lyapunov exponents, and quasinormal modes}},
	Volume = 79,
	Year = 2009,
	Bdsk-Url-1 = {http://dx.doi.org/10.1103/PhysRevD.79.064016}}

@article{BoyerLindquist1967,
	Adsnote = {Provided by the SAO/NASA Astrophysics Data System},
	Adsurl = {http://adsabs.harvard.edu/abs/1967JMP.....8..265B},
	Author = {{Boyer}, R.~H. and {Lindquist}, R.~W.},
	Date-Added = {2015-04-23 18:04:01 +0000},
	Date-Modified = {2015-04-23 18:04:01 +0000},
	Doi = {10.1063/1.1705193},
	Journal = {Journal of Mathematical Physics},
	Month = feb,
	Pages = {265-281},
	Title = {{Maximal Analytic Extension of the Kerr Metric}},
	Volume = 8,
	Year = 1967,
	Bdsk-Url-1 = {http://dx.doi.org/10.1063/1.1705193}}

@book{Carroll:2004st,
	Author = {Carroll, Sean M.},
	Date-Added = {2015-04-23 18:02:24 +0000},
	Date-Modified = {2015-04-23 18:08:40 +0000},
	Publisher = {Addison Wesley},
	Slaccitation = {%%CITATION = INSPIRE-650093;%%},
	Title = {{Spacetime and geometry: An introduction to general relativity}},
	Year = {2004}}

@article{Goebel1972,
	Adsnote = {Provided by the SAO/NASA Astrophysics Data System},
	Adsurl = {http://adsabs.harvard.edu/abs/1972ApJ...172L..95G},
	Author = {{Goebel}, C.~J.},
	Date-Added = {2015-04-22 16:15:27 +0000},
	Date-Modified = {2015-04-22 16:15:27 +0000},
	Doi = {10.1086/180898},
	Journal = {Astrophys. J. Lett.},
	Month = mar,
	Pages = {L95},
	Title = {{Comments on the ''vibrations'' of a Black Hole.}},
	Volume = 172,
	Year = 1972,
	Bdsk-Url-1 = {http://dx.doi.org/10.1086/180898}}

@article{HodEikonal2012,
	Adsnote = {Provided by the SAO/NASA Astrophysics Data System},
	Adsurl = {http://adsabs.harvard.edu/abs/2012PhLB..715..348H},
	Archiveprefix = {arXiv},
	Author = {{Hod}, S.},
	Date-Added = {2015-04-22 15:45:09 +0000},
	Date-Modified = {2015-04-22 15:45:09 +0000},
	Doi = {10.1016/j.physletb.2012.08.001},
	Eprint = {1207.5282},
	Journal = {Physics Letters B},
	Month = sep,
	Pages = {348-351},
	Primaryclass = {gr-qc},
	Title = {{Resonance spectrum of near-extremal Kerr black holes in the eikonal limit}},
	Volume = 715,
	Year = 2012,
	Bdsk-Url-1 = {http://dx.doi.org/10.1016/j.physletb.2012.08.001}}

@article{Dolan2010,
	Adsnote = {Provided by the SAO/NASA Astrophysics Data System},
	Adsurl = {http://adsabs.harvard.edu/abs/2010PhRvD..82j4003D},
	Archiveprefix = {arXiv},
	Author = {{Dolan}, S.~R.},
	Date-Added = {2015-04-22 15:43:40 +0000},
	Date-Modified = {2015-04-22 15:43:40 +0000},
	Doi = {10.1103/PhysRevD.82.104003},
	Eid = {104003},
	Eprint = {1007.5097},
	Journal = {\prd},
	Keywords = {Classical black holes},
	Month = nov,
	Number = 10,
	Pages = {104003},
	Primaryclass = {gr-qc},
	Title = {{Quasinormal mode spectrum of a Kerr black hole in the eikonal limit}},
	Volume = 82,
	Year = 2010,
	Bdsk-Url-1 = {http://dx.doi.org/10.1103/PhysRevD.82.104003}}

@article{IyerWill1987,
	Adsnote = {Provided by the SAO/NASA Astrophysics Data System},
	Author = {{Iyer}, S. and {Will}, C.~M.},
	Date-Added = {2015-04-22 15:41:56 +0000},
	Date-Modified = {2015-04-22 15:41:56 +0000},
	Journal = prd,
	Keywords = {Black holes, Scattering theory},
	Month = jun,
	Pages = {3621-3631},
	Title = {{Black-hole normal modes: A WKB approach. I. Foundations and application of a higher-order WKB analysis of potential-barrier scattering}},
	Volume = 35,
	Year = 1987}

@unpublished{YangWKBInPrep,
	Author = {Yang, Huan and Zimmerman, Aaron and Mark, Zachary and Chen, Yanbei},
	Date-Added = {2015-04-22 15:03:23 +0000},
	Date-Modified = {2015-04-23 20:34:22 +0000},
	Note = {In preparation},
	Title = {{The Quasinormal modes of the Kerr-Newman spacetime in the eikonal limit}},
	Year = {2015}}

@article{Berti2009,
	Adsnote = {Provided by the SAO/NASA Astrophysics Data System},
	Adsurl = {http://adsabs.harvard.edu/abs/2009CQGra..26p3001B},
	Archiveprefix = {arXiv},
	Author = {{Berti}, E. and {Cardoso}, V. and {Starinets}, A.~O.},
	Date-Added = {2015-04-22 14:46:18 +0000},
	Date-Modified = {2015-04-22 14:46:18 +0000},
	Doi = {10.1088/0264-9381/26/16/163001},
	Eprint = {0905.2975},
	Journal = {Classical and Quantum Gravity},
	Month = aug,
	Number = 16,
	Pages = {163001},
	Primaryclass = {gr-qc},
	Title = {{TOPICAL REVIEW: Quasinormal modes of black holes and black branes}},
	Volume = 26,
	Year = 2009,
	Bdsk-Url-1 = {http://dx.doi.org/10.1088/0264-9381/26/16/163001}}

@article{Fackerell1977,
	Adsnote = {Provided by the SAO/NASA Astrophysics Data System},
	Adsurl = {http://adsabs.harvard.edu/abs/1977JMP....18.1849F},
	Author = {{Fackerell}, E.~D. and {Crossman}, R.~G.},
	Date-Added = {2015-04-22 14:45:54 +0000},
	Date-Modified = {2015-04-22 14:45:54 +0000},
	Doi = {10.1063/1.523499},
	Journal = {Journal of Mathematical Physics},
	Keywords = {Ordinary differential equations},
	Month = sep,
	Pages = {1849-1854},
	Title = {{Spin-weighted angular spheroidal functions}},
	Volume = 18,
	Year = 1977,
	Bdsk-Url-1 = {http://dx.doi.org/10.1063/1.523499}}

@book{nist,
	Address = {New York, NY, USA},
	Author = {Olver, Frank W. and Lozier, Daniel W. and Boisvert, Ronald F. and Clark, Charles W.},
	Date-Added = {2015-04-22 14:44:33 +0000},
	Date-Modified = {2015-04-22 14:44:33 +0000},
	Edition = {1st},
	Isbn = {0521140633, 9780521140638},
	Publisher = {Cambridge University Press},
	Title = {NIST Handbook of Mathematical Functions},
	Year = {2010}}

@article{Mark:2014aja,
	Archiveprefix = {arXiv},
	Author = {Mark, Zachary and Yang, Huan and Zimmerman, Aaron and Chen, Yanbei},
	Date-Added = {2015-04-22 14:30:00 +0000},
	Date-Modified = {2015-04-22 14:30:00 +0000},
	Doi = {10.1103/PhysRevD.91.044025},
	Eprint = {1409.5800},
	Journal = {Phys.Rev.},
	Number = {4},
	Pages = {044025},
	Primaryclass = {gr-qc},
	Slaccitation = {%%CITATION = ARXIV:1409.5800;%%},
	Title = {{Quasinormal modes of weakly charged Kerr-Newman spacetimes}},
	Volume = {D91},
	Year = {2015},
	Bdsk-Url-1 = {http://dx.doi.org/10.1103/PhysRevD.91.044025}}

@article{Berti:2005eb,
	Archiveprefix = {arXiv},
	Author = {Berti, Emanuele and Kokkotas, Kostas D.},
	Doi = {10.1103/PhysRevD.71.124008},
	Eprint = {gr-qc/0502065},
	Journal = {Phys. Rev.},
	Pages = {124008},
	Primaryclass = {gr-qc},
	Slaccitation = {%%CITATION = GR-QC/0502065;%%},
	Title = {{Quasinormal modes of Kerr-Newman black holes: Coupling of electromagnetic and gravitational perturbations}},
	Volume = {D71},
	Year = {2005},
	Bdsk-Url-1 = {http://dx.doi.org/10.1103/PhysRevD.71.124008}}

@article{Leaver1985,
	Author = {Leaver, E.W.},
	Date-Added = {2013-12-09 15:36:59 +0000},
	Date-Modified = {2013-12-09 15:37:13 +0000},
	Journal = {Proc.Roy.Soc.Lond.},
	Pages = {285-298},
	Slaccitation = {%%CITATION = PRSLA,A402,285;%%},
	Title = {{An Analytic representation for the quasi normal modes of Kerr black holes}},
	Volume = {A402},
	Year = {1985}}

@article{LeaverRN,
	Author = {Leaver, Edward W.},
	Doi = {10.1103/PhysRevD.41.2986},
	Issue = {10},
	Journal = {Phys. Rev. D},
	Month = {May},
	Numpages = {0},
	Pages = {2986--2997},
	Publisher = {American Physical Society},
	Title = {Quasinormal modes of Reissner-Nordstr\"om black holes},
	Url = {http://link.aps.org/doi/10.1103/PhysRevD.41.2986},
	Volume = {41},
	Year = {1990},
	Bdsk-Url-1 = {http://link.aps.org/doi/10.1103/PhysRevD.41.2986},
	Bdsk-Url-2 = {http://dx.doi.org/10.1103/PhysRevD.41.2986}}

@article{Leaver:1986gd,
      author         = "Leaver, Edward W.",
      title          = "{Spectral decomposition of the perturbation response of
                        the Schwarzschild geometry}",
      journal        = "Phys. Rev.",
      volume         = "D34",
      year           = "1986",
      pages          = "384-408",
      doi            = "10.1103/PhysRevD.34.384",
      SLACcitation   = "%%CITATION = PHRVA,D34,384;%%"
}

@article{LeaverPoles,
	Author = {Leaver, Edward W.},
	Doi = {10.1103/PhysRevD.45.4713},
	Issue = {12},
	Journal = {Phys. Rev. D},
	Month = {Jun},
	Numpages = {0},
	Pages = {4713--4716},
	Publisher = {American Physical Society},
	Title = {Remarks on the continued-fraction method for computing black-hole quasinormal frequencies and modes},
	Url = {http://link.aps.org/doi/10.1103/PhysRevD.45.4713},
	Volume = {45},
	Year = {1992},
	Bdsk-Url-1 = {http://link.aps.org/doi/10.1103/PhysRevD.45.4713},
	Bdsk-Url-2 = {http://dx.doi.org/10.1103/PhysRevD.45.4713}}

@article{Hod2008a,
	Adsnote = {Provided by the SAO/NASA Astrophysics Data System},
	Adsurl = {http://adsabs.harvard.edu/abs/2008PhRvD..78h4035H},
	Archiveprefix = {arXiv},
	Author = {{Hod}, S.},
	Date-Added = {2015-04-22 14:14:10 +0000},
	Date-Modified = {2015-04-22 14:14:10 +0000},
	Doi = {10.1103/PhysRevD.78.084035},
	Eid = {084035},
	Eprint = {0811.3806},
	Journal = {\prd},
	Keywords = {Classical black holes},
	Month = oct,
	Number = 8,
	Pages = {084035},
	Primaryclass = {gr-qc},
	Title = {{Slow relaxation of rapidly rotating black holes}},
	Volume = 78,
	Year = 2008,
	Bdsk-Url-1 = {http://dx.doi.org/10.1103/PhysRevD.78.084035}}

@article{Detweiler1980,
	Adsnote = {Provided by the SAO/NASA Astrophysics Data System},
	Adsurl = {http://adsabs.harvard.edu/abs/1980ApJ...239..292D},
	Author = {{Detweiler}, S.},
	Date-Added = {2015-04-22 14:13:35 +0000},
	Date-Modified = {2015-04-22 14:13:35 +0000},
	Doi = {10.1086/158109},
	Journal = {\apj},
	Keywords = {BLACK HOLES (ASTRONOMY), FREE VIBRATION, GRAVITATIONAL WAVES, RESONANT FREQUENCIES, ANGULAR VELOCITY, COMPLEX VARIABLES, HARMONIC ANALYSIS, RELATIVITY, SPHERICAL HARMONICS},
	Month = jul,
	Pages = {292-295},
	Title = {{Black holes and gravitational waves. III - The resonant frequencies of rotating holes}},
	Volume = 239,
	Year = 1980,
	Bdsk-Url-1 = {http://dx.doi.org/10.1086/158109}}

@article{Glampedakis2001,
	Adsnote = {Provided by the SAO/NASA Astrophysics Data System},
	Adsurl = {http://adsabs.harvard.edu/abs/2001PhRvD..64j4021G},
	Author = {{Glampedakis}, K. and {Andersson}, N.},
	Date-Added = {2015-04-22 14:09:14 +0000},
	Date-Modified = {2015-04-22 14:09:14 +0000},
	Doi = {10.1103/PhysRevD.64.104021},
	Eprint = {arXiv:gr-qc/0103054},
	Journal = {\prd},
	Keywords = {Classical black holes, Black holes},
	Month = nov,
	Number = 10,
	Pages = {104021},
	Title = {{Late-time dynamics of rapidly rotating black holes}},
	Volume = 64,
	Year = 2001,
	Bdsk-Url-1 = {http://dx.doi.org/10.1103/PhysRevD.64.104021}}

@article{Andersson2000,
	Adsnote = {Provided by the SAO/NASA Astrophysics Data System},
	Adsurl = {http://adsabs.harvard.edu/abs/2000PhRvL..84.4537A},
	Author = {{Andersson}, N. and {Glampedakis}, K.},
	Date-Added = {2015-04-22 14:09:05 +0000},
	Date-Modified = {2015-04-22 14:09:05 +0000},
	Doi = {10.1103/PhysRevLett.84.4537},
	Eprint = {arXiv:gr-qc/9909050},
	Journal = {Physical Review Letters},
	Month = may,
	Pages = {4537-4540},
	Title = {{Superradiance Resonance Cavity Outside Rapidly Rotating Black Holes}},
	Volume = 84,
	Year = 2000,
	Bdsk-Url-1 = {http://dx.doi.org/10.1103/PhysRevLett.84.4537}}

@article{Leaver1986,
	Adsnote = {Provided by the SAO/NASA Astrophysics Data System},
	Adsurl = {http://adsabs.harvard.edu/abs/1986JMP....27.1238L},
	Author = {{Leaver}, E.~W.},
	Date-Added = {2015-04-22 14:04:47 +0000},
	Date-Modified = {2015-04-22 14:04:47 +0000},
	Doi = {10.1063/1.527130},
	Journal = {Journal of Mathematical Physics},
	Month = may,
	Pages = {1238-1265},
	Title = {{Solutions to a generalized spheroidal wave equation: Teukolsky's equations in general relativity, and the two-center problem in molecular quantum mechanics}},
	Volume = 27,
	Year = 1986,
	Bdsk-Url-1 = {http://dx.doi.org/10.1063/1.527130}}

@article{Dudley:1977zz,
	Author = {Dudley, Alan L. and Finley, J.D.},
	Date-Added = {2015-04-22 13:56:17 +0000},
	Date-Modified = {2015-04-22 13:56:17 +0000},
	Doi = {10.1103/PhysRevLett.38.1505},
	Journal = {Phys.Rev.Lett.},
	Pages = {1505-1508},
	Slaccitation = {%%CITATION = PRLTA,38,1505;%%},
	Title = {{Separation of Wave Equations for Perturbations of General Type-D Space-Times}},
	Volume = {38},
	Year = {1977},
	Bdsk-Url-1 = {http://dx.doi.org/10.1103/PhysRevLett.38.1505}}

@book{ChandraBook,
	Author = {S. Chandrasekhar},
	Date-Added = {2014-08-11 16:08:33 +0000},
	Date-Modified = {2014-08-11 16:08:33 +0000},
	Publisher = {Clarendon Press. Oxford},
	Title = {The Mathematical Theory of Black Holes},
	Year = {1983}}

@article{Mashhoon1985,
	Adsnote = {Provided by the SAO/NASA Astrophysics Data System},
	Adsurl = {http://adsabs.harvard.edu/abs/1985PhRvD..31..290M},
	Author = {{Mashhoon}, B.},
	Date-Added = {2014-07-09 00:18:12 +0000},
	Date-Modified = {2014-07-09 00:18:47 +0000},
	Doi = {10.1103/PhysRevD.31.290},
	Journal = {Phys.Rev.},
	Keywords = {Black holes},
	Month = jan,
	Pages = {290-293},
	Title = {{Stability of charged rotating black holes in the eikonal approximation}},
	Volume = {D 31},
	Year = 1985,
	Bdsk-Url-1 = {http://dx.doi.org/10.1103/PhysRevD.31.290}}

@article{Dudley:1978vd,
	Author = {Dudley, Alan L. and Finley, J.D., III},
	Date-Added = {2014-07-09 00:16:39 +0000},
	Date-Modified = {2014-07-09 00:16:39 +0000},
	Doi = {10.1063/1.524064},
	Journal = {J.Math.Phys.},
	Pages = {311},
	Reportnumber = {Print-78-0590 (NEW MEXICO)},
	Slaccitation = {%%CITATION = JMAPA,20,311;%%},
	Title = {{Covariant Perturbed Wave Equations in Arbitrary Type $D$ Backgrounds}},
	Volume = {20},
	Year = {1979},
	Bdsk-Url-1 = {http://dx.doi.org/10.1063/1.524064}}

@article{Konoplya2013,
	Author = {Konoplya, R. A. and Zhidenko, A.},
	Date-Added = {2014-07-09 00:15:19 +0000},
	Date-Modified = {2014-07-09 00:15:35 +0000},
	Doi = {10.1103/PhysRevD.88.024054},
	Issue = {2},
	Journal = {Phys. Rev. D},
	Month = {Jul},
	Numpages = {13},
	Pages = {024054},
	Publisher = {American Physical Society},
	Title = {Massive charged scalar field in the Kerr-Newman background: Quasinormal modes, late-time tails and stability},
	Url = {http://link.aps.org/doi/10.1103/PhysRevD.88.024054},
	Volume = {88},
	Year = {2013},
	Bdsk-Url-1 = {http://link.aps.org/doi/10.1103/PhysRevD.88.024054},
	Bdsk-Url-2 = {http://dx.doi.org/10.1103/PhysRevD.88.024054}}

@article{Teukolsky1973,
	Adsnote = {Provided by the SAO/NASA Astrophysics Data System},
	Adsurl = {http://adsabs.harvard.edu/abs/1973ApJ...185..635T},
	Author = {{Teukolsky}, S.~A.},
	Date-Added = {2014-07-09 00:13:06 +0000},
	Date-Modified = {2014-07-09 00:13:06 +0000},
	Doi = {10.1086/152444},
	Journal = {\apj},
	Month = oct,
	Pages = {635-648},
	Title = {{Perturbations of a Rotating Black Hole. I. Fundamental Equations for Gravitational, Electromagnetic, and Neutrino-Field Perturbations}},
	Volume = 185,
	Year = 1973,
	Bdsk-Url-1 = {http://dx.doi.org/10.1086/152444}}

@article{Yang:2012he,
	Archiveprefix = {arXiv},
	Author = {Yang, Huan and Nichols, David A. and Zhang, Fan and Zimmerman, Aaron and Zhang, Zhongyang and others},
	Date-Added = {2014-07-09 00:12:59 +0000},
	Date-Modified = {2014-07-09 00:12:59 +0000},
	Doi = {10.1103/PhysRevD.86.104006},
	Eprint = {1207.4253},
	Journal = {Phys.Rev.},
	Pages = {104006},
	Primaryclass = {gr-qc},
	Slaccitation = {%%CITATION = ARXIV:1207.4253;%%},
	Title = {{Quasinormal-mode spectrum of Kerr black holes and its geometric interpretation}},
	Volume = {D86},
	Year = {2012},
	Bdsk-Url-1 = {http://dx.doi.org/10.1103/PhysRevD.86.104006}}

@article{Yang:2013uba,
	Archiveprefix = {arXiv},
	Author = {Yang, Huan and Zimmerman, Aaron and Zengino\u{g}lu, An{\i}l and Zhang, Fan and Berti, Emanuele and others},
	Date-Added = {2014-07-09 00:12:49 +0000},
	Date-Modified = {2015-04-28 18:59:35 +0000},
	Doi = {10.1103/PhysRevD.88.044047},
	Eprint = {1307.8086},
	Journal = {Phys.Rev.},
	Number = {4},
	Pages = {044047},
	Primaryclass = {gr-qc},
	Slaccitation = {%%CITATION = ARXIV:1307.8086;%%},
	Title = {{Quasinormal modes of nearly extremal Kerr spacetimes: spectrum bifurcation and power-law ringdown}},
	Volume = {D88},
	Year = {2013},
	Bdsk-Url-1 = {http://dx.doi.org/10.1103/PhysRevD.88.044047}}

@article{Yang:2012pj,
	Archiveprefix = {arXiv},
	Author = {Yang, Huan and Zhang, Fan and Zimmerman, Aaron and Nichols, David A. and Berti, Emanuele and others},
	Date-Added = {2014-07-09 00:12:43 +0000},
	Date-Modified = {2014-07-09 00:18:46 +0000},
	Doi = {10.1103/PhysRevD.87.041502},
	Eprint = {1212.3271},
	Journal = {Phys.Rev.},
	Pages = {041502(R)},
	Primaryclass = {gr-qc},
	Slaccitation = {%%CITATION = ARXIV:1212.3271;%%},
	Title = {{Branching of quasinormal modes for nearly extremal Kerr black holes}},
	Volume = {D87},
	Year = {2013},
	Bdsk-Url-1 = {http://dx.doi.org/10.1103/PhysRevD.87.041502}}



@article{LIGO:GW170104,
	Author = {Abbott, B. P. and others},
	Collaboration = {LIGO Scientific and Virgo Collaboration},
	Date-Added = {2017-06-02 15:02:48 +0000},
	Date-Modified = {2017-06-02 15:03:15 +0000},
	Doi = {10.1103/PhysRevLett.118.221101},
	Issue = {22},
	Journal = {Phys. Rev. Lett.},
	Month = {Jun},
	Numpages = {17},
	Pages = {221101},
	Publisher = {American Physical Society},
	Title = {{GW170104: Observation of a 50-Solar-Mass Binary Black Hole Coalescence at Redshift 0.2}},
	Url = {https://link.aps.org/doi/10.1103/PhysRevLett.118.221101},
	Volume = {118},
	Year = {2017},
	Bdsk-Url-1 = {https://link.aps.org/doi/10.1103/PhysRevLett.118.221101},
	Bdsk-Url-2 = {http://dx.doi.org/10.1103/PhysRevLett.118.221101}}
    
    
@unpublished{CardosoReview,
	Author = {Cardoso, Vitor and Pani, Paolo},
	Date-Added = {2017-06-02 21:11:41 +0000},
	Date-Modified = {2017-06-02 21:13:03 +0000},
	Note = {unpublished},
	Title = {The observational evidence for black holes},
	Year = {2017}}
    
    
@webpage{matex,
	Date-Added = {2017-06-04 00:13:47 +0000},
	Date-Modified = {2017-06-04 00:16:55 +0000},
	Lastchecked = {2017},
	Url = {https://github.com/szhorvat/MaTeX}}


